2600 4242
489 357 534 404 AD
549 359 576 404 V.
590 371 667 417 32-42
1033 366 1068 428 35

85 537 134 597 tui
156 535 294 600 nominis
314 537 412 617 gratia
433 538 568 602 enitatur
587 541 687 620 gloria
713 557 744 604 et
768 558 897 624 pugnet,
922 565 1070 626 superare

84 631 210 695 studeat
235 631 371 694 aliorum
396 633 539 714 gloriam.
580 634 775 699 locutionem
799 639 953 702 curiosius
974 661 1070 722 quae·

84 727 178 790 sitam
200 728 346 807 exemplo
367 733 575 809 comprobare
594 750 719 812 nequeo
740 734 823 810 (nam
837 734 940 814 specie
955 735 1070 817 decipit

84 821 166 884 Stati
191 841 299 884 versus
325 823 475 886 silvarum
501 844 524 906 r,
548 845 575 903 2,
601 827 656 888 108
686 827 738 889 cut¹
753 827 866 907 glorta
887 838 1018 909 patrum
1042 840 1074 894 et

77 917 214 1000 generes
232 917 374 981 certabat
389 918 505 999 honos),
530 920 586 981 sed
610 920 643 981 in
664 921 725 983 hoc
750 938 845 1003 poeta
865 943 969 1004 neque
989 945 1070 1006 quae

84 1015 126 1074 ab
154 1031 214 1074 usu
238 1012 340 1075 aliena
366 1013 438 1076 ideo
464 1013 673 1094 improbanda
703 1031 776 1077 sunt
805 1031 837 1078 et
865 1032 929 1080 tam
960 1035 1070 1100 aperto

84 1107 221 1170 consilio
246 1108 359 1188 triplex
385 1119 417 1172 et
443 1107 501 1171 ribi
525 1109 660 1172 conectit
691 1109 846 1173 factorum
875 1129 1070 1193 expectatam

83 1202 349 1284 magnitudinem,
369 1203 450 1266 vitae
472 1219 544 1284 post
564 1221 700 1268 mortem
715 1206 951 1286 beatitudinem,
973 1209 1071 1272 felici-

82 1297 157 1358 tatis
178 1297 263 1378 apud
284 1298 387 1360 bonos
408 1298 605 1373 memoriam,
626 1317 740 1363 utnon
754 1301 878 1364 videam
893 1303 969 1384 quid
985 1304 1070 1368 demi

82 1392 200 1454 addive
226 1391 332 1472 possit.
382 1401 413 1454 et
436 1392 494 1455 tibi
515 1393 632 1456 scilicet
661 1411 696 1457 ut
726 1395 793 1456 aliis
824 1416 962 1477 quorum
991 1399 1070 1463 facta

83 1502 256 1566 canuntur,
288 1487 342 1568 qui
373 1488 517 1550 ‘amoena
545 1489 674 1570 piorum
704 1489 837 1552 concilia
863 1492 1070 1576 Elysiumque

83 1583 205 1645 colunt'
227 1602 429 1664 quorumque
450 1583 482 1646 in
503 1583 572 1664 ipso
594 1584 731 1648 carmine
745 1586 855 1649 merita
869 1605 1071 1653 recensentur

82 1699 115 1739 v.
132 1677 189 1738 358
209 1698 255 1758 sq.
298 1692 394 1740 certat
413 1678 480 1757 ipsa
494 1678 607 1759 glorta
627 1695 663 1741 ut
682 1701 709 1742 v.
726 1681 778 1743 301
801 1682 945 1746 societte
959 1685 1071 1765 gloria

81 1772 194 1845 sortes,
224 1776 303 1835 Aen.
324 1795 353 1851 4,
383 1793 422 1853 49
454 1773 576 1838 Punica
605 1795 638 1837 se
667 1776 792 1856 quantas
821 1776 939 1839 attollet
958 1777 1071 1858 glorta

81 1866 190 1941 rebus,
211 1868 303 1930 Lucr.
317 1887 346 1947 4,
372 1886 446 1947 1124
458 1878 606 1949 aegrotat
607 1870 707 1950 fama
721 1869 884 1943 vacillans,
906 1872 943 1934 cl.
962 1873 1070 1936 Manil.

83 1982 113 2041 2,
135 1964 192 2024 812
209 1983 269 2043 sq.;
289 1963 363 2025 Stat.
379 1962 444 2024 silv.
458 1981 487 2040 4,
507 1981 536 2041 4,
557 1963 594 2038 76
614 1963 680 2026 tom
700 1973 728 2027 te
744 1999 777 2010 -
792 1964 856 2027 sibi
866 1965 978 2046 gloria
981 1966 1071 2047 felix

81 2055 199 2120 educat
215 2057 288 2119 libri
303 2059 428 2134 habent,
452 2058 508 2120 sed
521 2073 604 2119 recte
620 2058 823 2122 Marklandus
837 2061 935 2124 curio.
969 2064 1071 2143 gloria

83 2152 175 2233 quod
197 2152 311 2214 dicitur
322 2161 507 2234 perpetuum
527 2151 631 2216 lucem
650 2169 681 2215 et
701 2174 856 2217 mansura
867 2165 931 2236 per
949 2177 1069 2233 aetram,
1083 2182 1109 2226 ss

83 2247 201 2310 climax
213 2247 353 2310 inversus
364 2266 545 2308 sermonem
556 2247 712 2326 debilitat;
727 2250 891 2313 coniunxit
905 2251 957 2314 ille
968 2253 1071 2316 lucens

82 2362 250 2415 mansura,
272 2356 302 2403 et
320 2341 363 2404 ita
377 2342 466 2422 quasi
486 2341 597 2403 fortius
615 2343 745 2424 aliquod
759 2344 959 2426 participium
974 2348 1071 2410 futuri

82 2459 123 2500 ex
146 2439 244 2499 verbo
262 2436 389 2499 lucendi
410 2436 523 2499 elicuit.
563 2436 697 2500 alterum
719 2454 764 2500 est
789 2449 821 2501 et
843 2439 901 2501 tibi
920 2439 992 2502 sede
1012 2441 1070 2520 pia
1082 2464 1149 2508 sato

82 2536 124 2612 (v.
143 2533 198 2611 375
219 2531 277 2612 pia
296 2532 376 2610 sede)
402 2540 531 2595 maneat
549 2531 640 2604 locus,
668 2533 723 2594 ubi
749 2535 837 2614 quod
863 2544 890 2595 te
914 2535 1070 2615 expectari

82 2629 243 2706 dixerunt,
264 2627 343 2688 illud
364 2627 518 2708 significat
543 2627 651 2689 sedern
677 2627 709 2688 in
734 2630 899 2690 beatorum
920 2629 997 2691 locis
1018 2629 1071 2692 fir·

83 2743 174 2786 mam
195 2739 225 2784 et
246 2723 462 2800 constitutam;
482 2722 526 2784 sic
541 2722 605 2784 fere
619 2721 777 2802 Vergilius
797 2733 926 2786 manent
941 2724 1071 2788 ainnzota

81 2829 212 2881 tuorum
222 2817 301 2897 fata
314 2816 372 2881 tibi
390 2832 420 2879 et
433 2816 640 2880 consimiliter
653 2815 767 2878 Cicero
782 2815 862 2878 Phil.
877 2838 904 2895 2,
930 2841 958 2880 rr
984 2821 1071 2884 cuius

81 2911 210 2995 quidem
230 2912 289 2976 tibi
295 2913 406 2992 fatum
426 2912 506 2975 secut
526 2911 562 2976 C.
586 2909 722 2976 Curioni
738 2921 849 2974 manet.
891 2914 968 2976 haec
989 2935 1070 2996 quo-

83 3009 173 3070 niam
194 3007 234 3068 ad
255 3023 392 3069 mortem
405 3007 571 3086 pertinent,
592 3009 679 3069 bono
694 3005 800 3068 omine
815 3008 924 3088 pergit,
945 3010 1070 3091 sospitis

84 3103 192 3165 felices
223 3122 279 3183 per
309 3122 409 3164 annos
439 3101 519 3163 vitae
550 3101 739 3165 memoriam
771 3102 908 3163 futuram
937 3105 1069 3166 Octavio

83 3217 254 3280 augurans,
279 3197 359 3260 vitae
384 3196 502 3259 scilicet
527 3215 608 3276 quae
627 3205 730 3277 grata
756 3196 843 3259 bonis
866 3198 977 3276 luceat,
1004 3217 1109 3262 nonu

82 3308 191 3376 gratae
214 3308 244 3355 et
264 3293 355 3354 bonis
376 3292 518 3369 lucentis,
541 3291 627 3373 quod
648 3290 790 3372 ineptum
812 3308 865 3353 est.

164 3388 308 3451 Perfecto
322 3386 487 3468 prooemio
509 3387 548 3448 ad
566 3387 671 3465 ipsum
685 3384 831 3446 carminis
846 3402 1069 3466 argumentum

83 3497 179 3566 poeta
200 3483 302 3563 pergit
321 3504 349 3544 v.
363 3502 411 3562 42.
452 3482 485 3544 in
505 3481 595 3544 initio
616 3496 722 3542 autern
744 3481 929 3542 narrationis
949 3482 1069 3562 aliquid
1082 3501 1109 3545 aa

84 3593 296 3661 peccaverunt
314 3577 441 3654 librarii,
462 3596 565 3658 neque
587 3576 672 3638 enim
688 3575 818 3636 meridie
839 3591 946 3656 pastor
966 3576 1070 3639 educit

83 3675 230 3755 capellas.
272 3688 302 3734 at
321 3673 399 3735 nihil
414 3673 500 3735 aliud
513 3671 688 3752 significare
703 3686 806 3752 potest
826 3671 984 3734 aetherias
1004 3671 1070 3736 z'crm

883 3783 913 3836 3*
