2600 4242
235 353 270 412 36
592 348 852 394 coutraurnarvs

232 531 283 595 sal
302 540 491 611 penetrarat
517 529 550 592 in
579 550 678 592 arces.
729 529 862 592 Ovidius
882 529 956 590 trist.
982 532 1006 606 5,
1033 531 1059 605 3,
1091 551 1125 609 19
1158 528 1225 610 ipse

232 635 350 708 quaque
379 624 538 688 aethereas
566 623 687 686 meritis
712 624 847 686 invectus
875 644 909 686 es
937 643 1037 696 arces,
1067 645 1130 705 quo
1161 645 1225 686 nan

233 722 348 803 exeguo
356 722 451 800 facta
471 719 579 782 labare
590 718 679 782 mast.
722 719 1066 799 plusquamperfectum
1082 720 1225 780 ostendit

234 819 317 880 viam
337 818 400 879 iam
422 815 535 876 laetam
562 833 642 888 esse;
671 813 727 876 sed
751 814 894 894 sequitur
917 813 1061 876 tenebras
1084 814 1224 876 Aurora

224 914 381 995 sagarat;
402 929 478 991 ergo
493 909 559 990 ipsa
572 923 645 970 sunt
658 909 726 970 viae
741 909 823 970 Solis
837 909 932 985 initia,
955 924 990 970 ut
1002 913 1081 970 Aen.
1103 929 1147 980 ro,
1164 911 1224 970 256

233 1009 352 1071 eiaterea
373 1005 514 1070 revoluta
533 1002 647 1066 ruebat
663 1011 792 1065 matura
806 1001 871 1064 iam
886 1003 950 1065 luce
964 1003 1030 1066 dies
1042 1013 1224 1086 noctemque

226 1104 373 1183 fugarat
394 1101 444 1162 vel
469 1119 576 1180 georg.
599 1099 625 1174 3,
653 1098 709 1159 358
739 1097 874 1160 cievectus
902 1098 989 1178 eques
1017 1098 1117 1160 altum
1141 1101 1227 1180 petit

235 1197 373 1260 aethera.
414 1196 477 1258 iam
503 1195 626 1274 fugatae
652 1208 725 1254 sunt
750 1195 906 1270 tenebrae,
932 1193 996 1254 iam
1016 1194 1072 1256 Sol
1097 1195 1223 1256 lumina
1279 1247 1280 1262 ,

234 1292 333 1374 quatit
347 1293 386 1352 ab
401 1305 511 1352 aurato
526 1309 629 1350 curru.
656 1286 858 1366 recipienda
849 1287 945 1366 igitur
959 1287 1223 1352 Helmstadiensis

235 1402 299 1450 erat
320 1384 498 1448 emendatio
514 1381 706 1463 penetrabat.
748 1382 884 1444 formam
910 1383 1062 1446 orationis
1085 1385 1222 1447 illustret

235 1484 309 1545 Stat.
332 1481 410 1542 Ach.
437 1501 445 1540 1
452 1479 538 1557 ‚619
562 1477 732 1539 scandebat
755 1496 843 1540 rosea
869 1477 967 1540 medii
978 1478 1120 1560 fastigia
1140 1480 1226 1542 caeli

234 1576 367 1640 Luna
353 1595 492 1656 augam
489 1571 687 1635 consedere
713 1572 809 1637 chari.
861 1573 899 1634 cf.
921 1574 1024 1635 Theb.
1046 1594 1072 1652 2,
1096 1577 1152 1652 527
1175 1596 1221 1654 sq.

235 1675 439 1736 observamus
456 1667 507 1730 hic
528 1684 557 1729 et
578 1667 644 1728 aliis
665 1667 742 1729 locis
763 1667 811 1745 (cf.
838 1669 900 1745 106)
922 1670 1080 1732 curiosam
1104 1671 1137 1730 in
1165 1672 1222 1733 de-

235 1765 401 1848 pingendis
439 1763 600 1826 coloribus
635 1761 844 1843 diligentiam,
885 1765 1018 1844 qualiter
1049 1765 1222 1828 Parcarum

235 1863 379 1926 habitum
397 1859 541 1922 Catullus
560 1858 707 1920 describit
727 1860 774 1937 64„
797 1858 852 1919 308
866 1878 911 1938 sq.
934 1874 964 1920 et
985 1879 1058 1920 cum
1079 1860 1132 1920 alii
1149 1875 1222 1920 tum

195 1969 221 2011 44
235 1955 368 2020 Ovidius
396 1955 508 2032 multa;
539 1973 614 2033 ergo
645 1973 750 2016 roseas
780 1953 880 2014 crines
906 1957 1048 2015 Aurorae
1075 1956 1222 2016 tenebras

236 2050 356 2130 fuganti
376 2049 493 2124 tribuit,
537 2048 672 2110 Ovidius
697 2067 818 2110 croceas
842 2062 877 2108 ut
901 2066 1042 2109 croceum
1062 2048 1222 2123 amictum,

236 2145 273 2206 cf.
299 2145 391 2206 Lucr.
415 2146 440 2219 5,
466 2144 524 2221 976
548 2142 623 2205 dum
648 2162 740 2204 rosea
755 2143 833 2221 face
861 2141 912 2204 sal
937 2141 1073 2220 inferret
1100 2142 1223 2206 lumina

235 2238 327 2316 caela,
349 2239 421 2300 Tib.
438 2259 460 2313 1,
476 2239 502 2314 3,
517 2257 564 2316 94,
584 2237 661 2317 eleg.
677 2239 776 2300 Maec.
796 2260 819 2312 1,
839 2239 904 2312 ¹253
918 2237 1048 2317 proprio
1062 2238 1223 2300 vocabulo

196 2349 222 2393 tt
236 2331 343 2396 lurida
363 2332 506 2413 gramina
527 2332 631 2412 qualia
658 2332 690 2393 in
710 2332 841 2393 summis
863 2333 1021 2394 montium
1047 2332 1128 2412 iugis
1154 2334 1223 2394 sole

235 2428 352 2492 torrida
377 2427 613 2508 conspiciuntur
634 2428 771 2504 denotat,
793 2443 827 2488 ut
845 2442 958 2489 aestate
971 2427 1086 2490 viridis
1098 2427 1224 2488 nemori

233 2522 365 2603 sanguis
389 2521 508 2584 decedit
527 2531 558 2583 et
580 2521 687 2584 derbes
707 2521 823 2598 (Manil.
847 2525 873 2596 5,
893 2525 968 2598 212),
995 2542 1023 2582 v.
1048 2540 1100 2600 ¹44
1120 2521 1224 2583 viridi

229 2616 354 2697 pallere
379 2617 512 2678 hederae
539 2619 710 2698 corymbos
740 2617 885 2680 aureolos
911 2617 1045 2696 pingunt
1071 2616 1120 2693 (cf.
1141 2619 1221 2696 405).

235 2731 270 2772 ac
291 2711 421 2780 fortasse
446 2709 591 2773 viridans
605 2713 663 2790 (5ο)
684 2711 786 2774 noluit
806 2711 891 2774 idem
912 2731 978 2774 esse
997 2711 1086 2791 quod
1105 2711 1220 2786 viride;

234 2802 408 2866 viridantea
426 2806 581 2885 gramina
601 2806 633 2868 in
654 2807 753 2868 nimio
775 2822 861 2868 aestu
884 2807 957 2868 Stat.
979 2807 1081 2868 Theb.
1104 2809 1130 2882 5,
1155 2807 1219 2868 526.

196 2918 222 2960 45
237 2900 274 2961 cf.
297 2898 509 2960 Buechelerus
535 2919 566 2980 p.
587 2901 652 2962 326.
678 2935 715 2944 —
736 2901 857 2979 pabula
882 2900 964 2962 laeta
990 2903 1029 2977 (t.
1049 2903 1098 2980 45)
1125 2902 1219 2964 etiam

237 2993 395 3075 Vergilius
416 2993 503 3055 novit
524 2997 641 3074 (georg.
664 2997 689 3072 3,
713 2997 789 3073 385),
816 2997 871 3058 sed
891 2995 1049 3058 tritissima
1071 2996 1219 3058 Lucretio

237 3108 282 3154 est
302 3088 430 3152 locutio.

315 3186 349 3246 ln
376 3184 479 3263 lepida
507 3185 716 3264 descriptione
753 3186 943 3266 capellarum
979 3186 1064 3247 varia
1091 3185 1219 3247 diversis

237 3282 313 3344 locis
335 3280 451 3360 pabula
472 3280 690 3360 quaerentium
711 3281 760 3358 (cf.
775 3281 903 3343 Colum.
918 3301 946 3360 7,
961 3281 988 3358 6,
1009 3284 1031 3358 ι)
1053 3296 1219 3360 corruptus

237 3391 308 3457 post
329 3376 496 3451 Bembum‚
523 3374 612 3436 cuius
638 3376 849 3455 corruptionis
874 3376 908 3436 in
928 3375 1083 3438 Vossiano
1109 3375 1219 3436 simili-

238 3474 360 3552 busque
392 3469 478 3532 libris
509 3470 634 3532 initium
666 3470 782 3532 factum
811 3471 964 3547 videmus,
996 3485 1027 3531 et
1056 3490 1219 3550 perversus

198 3566 352 3645 allegitur
372 3587 400 3628 v.
418 3569 448 3627 51
472 3575 604 3645 scrupea
624 3564 763 3628 desertas
783 3563 957 3628 lcaerebant
968 3564 1016 3627 ad
1025 3584 1104 3628 cava
1117 3577 1217 3646 rupes.

238 3661 354 3722 scilicet
375 3661 452 3723 aliae
475 3661 506 3720 in
527 3661 611 3721 silvis
626 3661 730 3720 dumis
744 3659 886 3735 vallibus,
914 3659 992 3720 aliae
1013 3659 1107 3720 etiarn
1128 3661 1218 3722 latius
