<?xml version="1.0" encoding="UTF-8"?>
<!DOCTYPE html PUBLIC "-//W3C//DTD XHTML 1.0 Transitional//EN"
    "http://www.w3.org/TR/xhtml1/DTD/xhtml1-transitional.dtd">
<html xmlns="http://www.w3.org/1999/xhtml" xml:lang="en" lang="en">
 <head>
  <title>
</title>
<meta http-equiv="Content-Type" content="text/html;charset=utf-8" />
  <meta name='ocr-system' content='tesseract 3.04.00' />
  <meta name='ocr-capabilities' content='ocr_page ocr_carea ocr_par ocr_line ocrx_word'/>
</head>
<body>
  <div class='ocr_page' id='page_1' title='image "./culexcarmenverg00virggoog_0077.png"; bbox 0 0 2578 4242; ppageno 0'>
   <div class='ocr_carea' id='block_1_1' title="bbox 495 294 1085 376">
    <p class='ocr_par' dir='ltr' id='par_1_1' title="bbox 495 294 1085 376">
     <span class='ocr_line' id='line_1_1' title="bbox 495 294 1085 376; baseline 0.002 -36"><span class='ocrx_word' id='word_1_1' title='bbox 495 295 539 340; x_wconf 81' lang='lat' dir='ltr'>AD</span> <span class='ocrx_word' id='word_1_2' title='bbox 556 294 582 342; x_wconf 90' lang='lat' dir='ltr'>V.</span> <span class='ocrx_word' id='word_1_3' title='bbox 598 295 699 352; x_wconf 83' lang='lat'>188—194</span> <span class='ocrx_word' id='word_1_4' title='bbox 1048 296 1085 376; x_wconf 79' lang='lat'>67</span> 
     </span>
    </p>
   </div>
   <div class='ocr_carea' id='block_1_2' title="bbox 96 474 1164 3682">
    <p class='ocr_par' dir='ltr' id='par_1_2' title="bbox 96 474 1164 3682">
     <span class='ocr_line' id='line_1_2' title="bbox 105 474 1088 555; baseline 0.001 -17"><span class='ocrx_word' id='word_1_5' title='bbox 105 475 173 555; x_wconf 87' lang='lat'><strong>546.</strong></span> <span class='ocrx_word' id='word_1_6' title='bbox 190 475 265 554; x_wconf 83' lang='lat'><strong>578).</strong></span> <span class='ocrx_word' id='word_1_7' title='bbox 305 474 385 536; x_wconf 90' lang='lat' dir='ltr'>illud</span> <span class='ocrx_word' id='word_1_8' title='bbox 406 474 533 537; x_wconf 87' lang='lat' dir='ltr'>difficile</span> <span class='ocrx_word' id='word_1_9' title='bbox 554 490 599 538; x_wconf 90' lang='lat' dir='ltr'>est</span> <span class='ocrx_word' id='word_1_10' title='bbox 613 475 785 538; x_wconf 91' lang='lat' dir='ltr'>diiudicatu</span> <span class='ocrx_word' id='word_1_11' title='bbox 800 475 832 538; x_wconf 91' lang='lat' dir='ltr'>in</span> <span class='ocrx_word' id='word_1_12' title='bbox 846 476 964 538; x_wconf 89' lang='lat' dir='ltr'>incerta</span> <span class='ocrx_word' id='word_1_13' title='bbox 978 478 1088 540; x_wconf 91' lang='lat' dir='ltr'>ortho-</span> 
     </span>
     <span class='ocr_line' id='line_1_3' title="bbox 104 568 1088 654; baseline 0.002 -22"><span class='ocrx_word' id='word_1_14' title='bbox 104 570 256 651; x_wconf 84' lang='lat' dir='ltr'>graphiae</span> <span class='ocrx_word' id='word_1_15' title='bbox 291 568 495 647; x_wconf 85' lang='lat' dir='ltr'>condicione,</span> <span class='ocrx_word' id='word_1_16' title='bbox 531 585 637 631; x_wconf 90' lang='lat' dir='ltr'>utrum</span> <span class='ocrx_word' id='word_1_17' title='bbox 667 591 772 634; x_wconf 88' lang='lat' dir='ltr'>amms</span> <span class='ocrx_word' id='word_1_18' title='bbox 800 591 908 634; x_wconf 81' lang='lat' dir='ltr'>sennes</span> <span class='ocrx_word' id='word_1_19' title='bbox 938 571 1088 654; x_wconf 91' lang='lat' dir='ltr'>coniungi</span> 
     </span>
     <span class='ocr_line' id='line_1_4' title="bbox 103 665 1088 746; baseline 0.002 -20"><span class='ocrx_word' id='word_1_20' title='bbox 103 665 242 728; x_wconf 88' lang='lat' dir='ltr'>voluerit</span> <span class='ocrx_word' id='word_1_21' title='bbox 255 679 349 746; x_wconf 88' lang='lat' dir='ltr'>poeta</span> <span class='ocrx_word' id='word_1_22' title='bbox 369 684 408 727; x_wconf 88' lang='lat' dir='ltr'>an</span> <span class='ocrx_word' id='word_1_23' title='bbox 429 665 530 728; x_wconf 85' lang='lat' dir='ltr'>munis</span> <span class='ocrx_word' id='word_1_24' title='bbox 548 665 685 746; x_wconf 80' lang='lat' dir='ltr'>spiratus.</span> <span class='ocrx_word' id='word_1_25' title='bbox 727 685 837 728; x_wconf 90' lang='lat' dir='ltr'>omnes</span> <span class='ocrx_word' id='word_1_26' title='bbox 851 684 961 728; x_wconf 90' lang='lat' dir='ltr'>sensus</span> <span class='ocrx_word' id='word_1_27' title='bbox 975 666 1088 728; x_wconf 86' lang='lat' dir='ltr'>dixerit</span> 
     </span>
     <span class='ocr_line' id='line_1_5' title="bbox 103 759 1088 842; baseline 0.002 -20"><span class='ocrx_word' id='word_1_28' title='bbox 103 775 142 822; x_wconf 93' lang='lat' dir='ltr'>ut</span> <span class='ocrx_word' id='word_1_29' title='bbox 156 759 321 821; x_wconf 85' lang='lat' dir='ltr'>Lucretius</span> <span class='ocrx_word' id='word_1_30' title='bbox 338 781 367 820; x_wconf 92' lang='lat' dir='ltr'>v.</span> <span class='ocrx_word' id='word_1_31' title='bbox 380 780 403 821; x_wconf 89' lang='lat' dir='ltr'>s.</span> <span class='ocrx_word' id='word_1_32' title='bbox 419 768 531 839; x_wconf 74' lang='lat' dir='ltr'>carpus</span> <span class='ocrx_word' id='word_1_33' title='bbox 549 768 639 822; x_wconf 85' lang='lat' dir='ltr'>caret</span> <span class='ocrx_word' id='word_1_34' title='bbox 654 759 789 842; x_wconf 78' lang='lat' dir='ltr'><em>undeque</em></span> <span class='ocrx_word' id='word_1_35' title='bbox 807 779 908 834; x_wconf 78' lang='lat' dir='ltr'>seran,</span> <span class='ocrx_word' id='word_1_36' title='bbox 929 776 963 823; x_wconf 90' lang='lat' dir='ltr'>ut</span> <span class='ocrx_word' id='word_1_37' title='bbox 982 762 1008 838; x_wconf 85' lang='lat'>3,</span> <span class='ocrx_word' id='word_1_38' title='bbox 1032 764 1088 842; x_wconf 81' lang='lat'>504</span> 
     </span>
     <span class='ocr_line' id='line_1_6' title="bbox 101 853 1087 936; baseline 0.002 -20"><span class='ocrx_word' id='word_1_39' title='bbox 101 864 136 917; x_wconf 88' lang='lat' dir='ltr'>et</span> <span class='ocrx_word' id='word_1_40' title='bbox 152 853 253 916; x_wconf 85' lang='lat' dir='ltr'>amnis</span> <span class='ocrx_word' id='word_1_41' title='bbox 264 853 425 936; x_wconf 74' lang='lat' dir='ltr'>paulatim</span> <span class='ocrx_word' id='word_1_42' title='bbox 443 853 529 916; x_wconf 82' lang='lat' dir='ltr'>redit</span> <span class='ocrx_word' id='word_1_43' title='bbox 546 853 578 916; x_wconf 85' lang='lat' dir='ltr'>in</span> <span class='ocrx_word' id='word_1_44' title='bbox 597 873 706 916; x_wconf 85' lang='lat' dir='ltr'>sensns</span> <span class='ocrx_word' id='word_1_45' title='bbox 724 855 925 936; x_wconf 81' lang='lat' dir='ltr'><em>animamque</em></span> <span class='ocrx_word' id='word_1_46' title='bbox 944 864 1087 935; x_wconf 82' lang='lat' dir='ltr'>receptat,</span> 
     </span>
     <span class='ocr_line' id='line_1_7' title="bbox 102 948 1088 1030; baseline 0.001 -19"><span class='ocrx_word' id='word_1_47' title='bbox 102 949 212 1029; x_wconf 75' lang='lat' dir='ltr'>cto95</span> <span class='ocrx_word' id='word_1_48' title='bbox 228 970 273 1030; x_wconf 92' lang='lat' dir='ltr'>sq.</span> <span class='ocrx_word' id='word_1_49' title='bbox 295 948 350 1011; x_wconf 91' lang='lat' dir='ltr'>ubi</span> <span class='ocrx_word' id='word_1_50' title='bbox 369 949 493 1011; x_wconf 89' lang='lat' dir='ltr'>animae</span> <span class='ocrx_word' id='word_1_51' title='bbox 514 967 579 1009; x_wconf 92' lang='lat' dir='ltr'>non</span> <span class='ocrx_word' id='word_1_52' title='bbox 598 968 688 1028; x_wconf 91' lang='lat' dir='ltr'>posse</span> <span class='ocrx_word' id='word_1_53' title='bbox 708 970 740 1012; x_wconf 93' lang='lat' dir='ltr'>se</span> <span class='ocrx_word' id='word_1_54' title='bbox 760 950 920 1013; x_wconf 83' lang='lat' dir='ltr'>exsolvere</span> <span class='ocrx_word' id='word_1_55' title='bbox 940 949 1088 1012; x_wconf 91' lang='lat' dir='ltr'>dicuntur</span> 
     </span>
     <span class='ocr_line' id='line_1_8' title="bbox 100 1041 1086 1128; baseline 0.002 -23"><span class='ocrx_word' id='word_1_56' title='bbox 100 1041 247 1106; x_wconf 83' lang='lat' dir='ltr'>omnibus</span> <span class='ocrx_word' id='word_1_57' title='bbox 265 1063 282 1106; x_wconf 87' lang='lat' dir='ltr'><em>e</em></span> <span class='ocrx_word' id='word_1_58' title='bbox 301 1044 407 1107; x_wconf 65' lang='lat' dir='ltr'>narmi</span> <span class='ocrx_word' id='word_1_59' title='bbox 426 1053 517 1124; x_wconf 85' lang='lat' dir='ltr'><em>atqm</em></span> <span class='ocrx_word' id='word_1_60' title='bbox 531 1041 652 1106; x_wconf 84' lang='lat' dir='ltr'>assibus</span> <span class='ocrx_word' id='word_1_61' title='bbox 663 1044 864 1126; x_wconf 81' lang='lat' dir='ltr'>articulisque</span> <span class='ocrx_word' id='word_1_62' title='bbox 878 1045 916 1107; x_wconf 87' lang='lat' dir='ltr'>cf.</span> <span class='ocrx_word' id='word_1_63' title='bbox 932 1064 958 1123; x_wconf 81' lang='lat'>2,</span> <span class='ocrx_word' id='word_1_64' title='bbox 973 1064 1086 1128; x_wconf 89' lang='lat' dir='ltr'>944sq.</span> 
     </span>
     <span class='ocr_line' id='line_1_9' title="bbox 101 1136 1087 1222; baseline 0.003 -23"><span class='ocrx_word' id='word_1_65' title='bbox 101 1140 145 1200; x_wconf 92' lang='lat' dir='ltr'>de</span> <span class='ocrx_word' id='word_1_66' title='bbox 158 1140 330 1200; x_wconf 91' lang='lat' dir='ltr'>verborum</span> <span class='ocrx_word' id='word_1_67' title='bbox 344 1136 484 1217; x_wconf 88' lang='lat' dir='ltr'>positura</span> <span class='ocrx_word' id='word_1_68' title='bbox 494 1137 566 1200; x_wconf 92' lang='lat' dir='ltr'>vide</span> <span class='ocrx_word' id='word_1_69' title='bbox 578 1159 605 1200; x_wconf 93' lang='lat' dir='ltr'>v.</span> <span class='ocrx_word' id='word_1_70' title='bbox 614 1159 652 1218; x_wconf 87' lang='lat'>90</span> <span class='ocrx_word' id='word_1_71' title='bbox 661 1159 767 1202; x_wconf 86' lang='lat' dir='ltr'>omnes</span> <span class='ocrx_word' id='word_1_72' title='bbox 777 1139 1087 1222; x_wconf 82' lang='lat' dir='ltr'>derigitlmcsensns.</span> 
     </span>
     <span class='ocr_line' id='line_1_10' title="bbox 101 1231 1088 1316; baseline 0.001 -21"><span class='ocrx_word' id='word_1_73' title='bbox 101 1233 161 1295; x_wconf 90' lang='lat' dir='ltr'>sed</span> <span class='ocrx_word' id='word_1_74' title='bbox 181 1251 311 1294; x_wconf 90' lang='lat' dir='ltr'>omnem</span> <span class='ocrx_word' id='word_1_75' title='bbox 331 1231 476 1312; x_wconf 89' lang='lat' dir='ltr'>spiritum</span> <span class='ocrx_word' id='word_1_76' title='bbox 503 1253 568 1296; x_wconf 89' lang='lat' dir='ltr'>non</span> <span class='ocrx_word' id='word_1_77' title='bbox 593 1234 698 1296; x_wconf 91' lang='lat' dir='ltr'>minus</span> <span class='ocrx_word' id='word_1_78' title='bbox 717 1249 789 1316; x_wconf 86' lang='lat' dir='ltr'>apte</span> <span class='ocrx_word' id='word_1_79' title='bbox 809 1235 931 1297; x_wconf 91' lang='lat' dir='ltr'>dictum</span> <span class='ocrx_word' id='word_1_80' title='bbox 951 1234 1088 1297; x_wconf 86' lang='lat' dir='ltr'>vindicat</span> 
     </span>
     <span class='ocr_line' id='line_1_11' title="bbox 103 1327 1087 1411; baseline 0.002 -21"><span class='ocrx_word' id='word_1_81' title='bbox 103 1343 138 1390; x_wconf 93' lang='lat' dir='ltr'>et</span> <span class='ocrx_word' id='word_1_82' title='bbox 153 1327 318 1390; x_wconf 89' lang='lat' dir='ltr'>Lucretius</span> <span class='ocrx_word' id='word_1_83' title='bbox 332 1327 370 1404; x_wconf 85' lang='lat'>(3,</span> <span class='ocrx_word' id='word_1_84' title='bbox 391 1328 449 1388; x_wconf 90' lang='lat'>218</span> <span class='ocrx_word' id='word_1_85' title='bbox 469 1327 570 1390; x_wconf 71' lang='lat' dir='ltr'>aurun</span> <span class='ocrx_word' id='word_1_86' title='bbox 589 1328 645 1391; x_wconf 84' lang='lat' dir='ltr'>ubi</span> <span class='ocrx_word' id='word_1_87' title='bbox 661 1338 751 1392; x_wconf 86' lang='lat' dir='ltr'>etata</span> <span class='ocrx_word' id='word_1_88' title='bbox 770 1327 836 1392; x_wconf 85' lang='lat' dir='ltr'>iam</span> <span class='ocrx_word' id='word_1_89' title='bbox 849 1340 979 1411; x_wconf 84' lang='lat' dir='ltr'>corpore</span> <span class='ocrx_word' id='word_1_90' title='bbox 991 1330 1087 1403; x_wconf 84' lang='lat' dir='ltr'><em>cessit,</em></span> 
     </span>
     <span class='ocr_line' id='line_1_12' title="bbox 104 1421 1090 1506; baseline 0.002 -22"><span class='ocrx_word' id='word_1_91' title='bbox 104 1423 164 1502; x_wconf 87' lang='lat'>546</span> <span class='ocrx_word' id='word_1_92' title='bbox 187 1421 342 1484; x_wconf 82' lang='lat' dir='ltr'><em>learnimm</em></span> <span class='ocrx_word' id='word_1_93' title='bbox 368 1431 463 1484; x_wconf 88' lang='lat' dir='ltr'>tatum</span> <span class='ocrx_word' id='word_1_94' title='bbox 487 1422 594 1503; x_wconf 81' lang='lat' dir='ltr'>magis</span> <span class='ocrx_word' id='word_1_95' title='bbox 622 1442 661 1486; x_wconf 89' lang='lat' dir='ltr'>ac</span> <span class='ocrx_word' id='word_1_96' title='bbox 684 1423 790 1504; x_wconf 83' lang='lat' dir='ltr'>magis</span> <span class='ocrx_word' id='word_1_97' title='bbox 818 1423 953 1506; x_wconf 80' lang='lat' dir='ltr'><em>nudeque</em></span> <span class='ocrx_word' id='word_1_98' title='bbox 981 1444 1090 1487; x_wconf 84' lang='lat' dir='ltr'>sensns</span> 
     </span>
     <span class='ocr_line' id='line_1_13' title="bbox 101 1515 1087 1599; baseline 0.001 -20"><span class='ocrx_word' id='word_1_99' title='bbox 101 1515 218 1597; x_wconf 82' lang='lat' dir='ltr'>deficit)</span> <span class='ocrx_word' id='word_1_100' title='bbox 246 1531 276 1578; x_wconf 90' lang='lat' dir='ltr'>et</span> <span class='ocrx_word' id='word_1_101' title='bbox 301 1516 430 1598; x_wconf 90' lang='lat' dir='ltr'>Epicuri</span> <span class='ocrx_word' id='word_1_102' title='bbox 454 1516 494 1578; x_wconf 92' lang='lat' dir='ltr'>de</span> <span class='ocrx_word' id='word_1_103' title='bbox 518 1537 633 1580; x_wconf 89' lang='lat' dir='ltr'>somno</span> <span class='ocrx_word' id='word_1_104' title='bbox 659 1518 802 1580; x_wconf 86' lang='lat' dir='ltr'>doctrina</span> <span class='ocrx_word' id='word_1_105' title='bbox 833 1518 900 1599; x_wconf 87' lang='lat' dir='ltr'>(frg.</span> <span class='ocrx_word' id='word_1_106' title='bbox 924 1520 988 1580; x_wconf 87' lang='lat'>311.</span> <span class='ocrx_word' id='word_1_107' title='bbox 1012 1519 1087 1598; x_wconf 83' lang='lat'>325),</span> 
     </span>
     <span class='ocr_line' id='line_1_14' title="bbox 101 1611 1086 1693; baseline 0.001 -19"><span class='ocrx_word' id='word_1_108' title='bbox 101 1611 144 1674; x_wconf 91' lang='lat' dir='ltr'>cf.</span> <span class='ocrx_word' id='word_1_109' title='bbox 156 1611 249 1673; x_wconf 92' lang='lat' dir='ltr'>Lucr.</span> <span class='ocrx_word' id='word_1_110' title='bbox 259 1631 288 1691; x_wconf 89' lang='lat'>4,</span> <span class='ocrx_word' id='word_1_111' title='bbox 299 1613 356 1691; x_wconf 87' lang='lat'>916</span> <span class='ocrx_word' id='word_1_112' title='bbox 367 1631 428 1692; x_wconf 91' lang='lat' dir='ltr'>sq.:</span> <span class='ocrx_word' id='word_1_113' title='bbox 442 1646 479 1656; x_wconf 87' lang='lat'>—</span> <span class='ocrx_word' id='word_1_114' title='bbox 493 1631 617 1674; x_wconf 89' lang='lat' dir='ltr'>sensnm</span> <span class='ocrx_word' id='word_1_115' title='bbox 630 1631 700 1675; x_wconf 92' lang='lat' dir='ltr'>cum</span> <span class='ocrx_word' id='word_1_116' title='bbox 713 1622 807 1693; x_wconf 80' lang='lat' dir='ltr'>sapor</span> <span class='ocrx_word' id='word_1_117' title='bbox 819 1612 954 1693; x_wconf 83' lang='lat' dir='ltr'>impedit,</span> <span class='ocrx_word' id='word_1_118' title='bbox 968 1647 1005 1657; x_wconf 99' lang='lat'><strong>—</strong></span> <span class='ocrx_word' id='word_1_119' title='bbox 1020 1614 1086 1676; x_wconf 89' lang='lat' dir='ltr'>am&#39;·</span> 
     </span>
     <span class='ocr_line' id='line_1_15' title="bbox 100 1705 1087 1788; baseline 0.002 -20"><span class='ocrx_word' id='word_1_120' title='bbox 100 1725 192 1768; x_wconf 91' lang='lat' dir='ltr'>mam</span> <span class='ocrx_word' id='word_1_121' title='bbox 198 1705 420 1786; x_wconf 80' lang='lat' dir='ltr'><em>perturbatam</em></span> <span class='ocrx_word' id='word_1_122' title='bbox 429 1727 494 1769; x_wconf 86' lang='lat' dir='ltr'>esse</span> <span class='ocrx_word' id='word_1_123' title='bbox 497 1707 705 1786; x_wconf 80' lang='lat' dir='ltr'>putandumst</span> <span class='ocrx_word' id='word_1_124' title='bbox 710 1708 897 1788; x_wconf 73' lang='lat' dir='ltr'><em>eurumque</em></span> <span class='ocrx_word' id='word_1_125' title='bbox 900 1707 1013 1785; x_wconf 86' lang='lat' dir='ltr'>foras:</span> <span class='ocrx_word' id='word_1_126' title='bbox 1027 1727 1087 1770; x_wconf 89' lang='lat' dir='ltr'>nan</span> 
     </span>
     <span class='ocr_line' id='line_1_16' title="bbox 100 1800 1087 1883; baseline 0 -19"><span class='ocrx_word' id='word_1_127' title='bbox 100 1820 236 1873; x_wconf 87' lang='lat' dir='ltr'>ammm,</span> <span class='ocrx_word' id='word_1_128' title='bbox 249 1821 384 1883; x_wconf 88' lang='lat' dir='ltr'><em>namque</em></span> <span class='ocrx_word' id='word_1_129' title='bbox 397 1801 514 1864; x_wconf 78' lang='lat' dir='ltr'>taceret</span> <span class='ocrx_word' id='word_1_130' title='bbox 523 1810 649 1863; x_wconf 84' lang='lat' dir='ltr'>aeterna</span> <span class='ocrx_word' id='word_1_131' title='bbox 662 1811 774 1881; x_wconf 72' lang='lat' dir='ltr'>carptas</span> <span class='ocrx_word' id='word_1_132' title='bbox 783 1800 1087 1881; x_wconf 61' lang='lat' dir='ltr'><em>perfiammfrlqare</em></span> 
     </span>
     <span class='ocr_line' id='line_1_17' title="bbox 101 1895 1086 1978; baseline 0 -20"><span class='ocrx_word' id='word_1_133' title='bbox 101 1895 165 1958; x_wconf 83' lang='lat' dir='ltr'><em>leti.</em></span> <span class='ocrx_word' id='word_1_134' title='bbox 211 1895 251 1956; x_wconf 92' lang='lat' dir='ltr'>ad</span> <span class='ocrx_word' id='word_1_135' title='bbox 276 1896 357 1958; x_wconf 89' lang='lat' dir='ltr'>hanc</span> <span class='ocrx_word' id='word_1_136' title='bbox 385 1910 490 1958; x_wconf 91' lang='lat' dir='ltr'>autem</span> <span class='ocrx_word' id='word_1_137' title='bbox 516 1895 781 1976; x_wconf 89' lang='lat' dir='ltr'>compositionem</span> <span class='ocrx_word' id='word_1_138' title='bbox 812 1896 913 1978; x_wconf 90' lang='lat' dir='ltr'>aptius</span> <span class='ocrx_word' id='word_1_139' title='bbox 945 1896 1086 1976; x_wconf 85' lang='lat' dir='ltr'>quadret,</span> 
     </span>
     <span class='ocr_line' id='line_1_18' title="bbox 101 1989 1086 2072; baseline 0.002 -20"><span class='ocrx_word' id='word_1_140' title='bbox 101 1990 195 2072; x_wconf 92' lang='lat' dir='ltr'>quod</span> <span class='ocrx_word' id='word_1_141' title='bbox 215 1989 341 2054; x_wconf 84' lang='lat' dir='ltr'>dissitus</span> <span class='ocrx_word' id='word_1_142' title='bbox 360 2006 390 2053; x_wconf 90' lang='lat' dir='ltr'>et</span> <span class='ocrx_word' id='word_1_143' title='bbox 410 1990 511 2054; x_wconf 85' lang='lat' dir='ltr'>amnis</span> <span class='ocrx_word' id='word_1_144' title='bbox 530 1991 686 2053; x_wconf 89' lang='lat' dir='ltr'>vocabula</span> <span class='ocrx_word' id='word_1_145' title='bbox 707 1989 791 2052; x_wconf 88' lang='lat' dir='ltr'>iuxta</span> <span class='ocrx_word' id='word_1_146' title='bbox 811 1991 914 2071; x_wconf 90' lang='lat' dir='ltr'>posita</span> <span class='ocrx_word' id='word_1_147' title='bbox 933 2008 1006 2055; x_wconf 89' lang='lat' dir='ltr'>sunt</span> <span class='ocrx_word' id='word_1_148' title='bbox 1021 1993 1086 2054; x_wconf 94' lang='lat' dir='ltr'>vim</span> 
     </span>
     <span class='ocr_line' id='line_1_19' title="bbox 100 2085 831 2166; baseline 0 -18"><span class='ocrx_word' id='word_1_149' title='bbox 100 2105 196 2148; x_wconf 91' lang='lat' dir='ltr'>suam</span> <span class='ocrx_word' id='word_1_150' title='bbox 216 2085 243 2146; x_wconf 91' lang='lat' dir='ltr'>si</span> <span class='ocrx_word' id='word_1_151' title='bbox 263 2085 500 2166; x_wconf 90' lang='lat' dir='ltr'>coniunguntur</span> <span class='ocrx_word' id='word_1_152' title='bbox 519 2085 655 2147; x_wconf 90' lang='lat' dir='ltr'>invicem</span> <span class='ocrx_word' id='word_1_153' title='bbox 676 2086 831 2165; x_wconf 88' lang='lat' dir='ltr'>augentia.</span> 
     </span>
     <span class='ocr_line' id='line_1_20' title="bbox 183 2180 1164 2262; baseline 0.006 -20"><span class='ocrx_word' id='word_1_154' title='bbox 183 2180 427 2261; x_wconf 86' lang='lat' dir='ltr'>Expergefactus</span> <span class='ocrx_word' id='word_1_155' title='bbox 458 2197 564 2262; x_wconf 93' lang='lat' dir='ltr'>pastor</span> <span class='ocrx_word' id='word_1_156' title='bbox 596 2196 627 2243; x_wconf 90' lang='lat' dir='ltr'>et</span> <span class='ocrx_word' id='word_1_157' title='bbox 657 2197 826 2262; x_wconf 88' lang='lat' dir='ltr'>conspecto</span> <span class='ocrx_word' id='word_1_158' title='bbox 857 2198 1000 2262; x_wconf 87' lang='lat' dir='ltr'>serpente</span> <span class='ocrx_word' id='word_1_159' title='bbox 1032 2201 1164 2256; x_wconf 73' lang='lat' dir='ltr'>ert-teon.</span> 
     </span>
     <span class='ocr_line' id='line_1_21' title="bbox 99 2274 1086 2358; baseline 0.001 -21"><span class='ocrx_word' id='word_1_160' title='bbox 99 2274 228 2337; x_wconf 89' lang='lat' dir='ltr'>territus</span> <span class='ocrx_word' id='word_1_161' title='bbox 257 2274 350 2337; x_wconf 89' lang='lat' dir='ltr'>celeri</span> <span class='ocrx_word' id='word_1_162' title='bbox 380 2291 470 2338; x_wconf 93' lang='lat' dir='ltr'>motu</span> <span class='ocrx_word' id='word_1_163' title='bbox 501 2275 617 2356; x_wconf 86' lang='lat' dir='ltr'>refugit</span> <span class='ocrx_word' id='word_1_164' title='bbox 647 2289 678 2337; x_wconf 91' lang='lat' dir='ltr'>et</span> <span class='ocrx_word' id='word_1_165' title='bbox 708 2276 780 2339; x_wconf 89' lang='lat' dir='ltr'>facit</span> <span class='ocrx_word' id='word_1_166' title='bbox 810 2277 899 2358; x_wconf 93' lang='lat' dir='ltr'>quod</span> <span class='ocrx_word' id='word_1_167' title='bbox 930 2277 1086 2357; x_wconf 90' lang='lat' dir='ltr'>Vergilius</span> 
     </span>
     <span class='ocr_line' id='line_1_22' title="bbox 99 2369 1086 2451; baseline 0.002 -20"><span class='ocrx_word' id='word_1_168' title='bbox 99 2369 254 2451; x_wconf 90' lang='lat' dir='ltr'>praecipit</span> <span class='ocrx_word' id='word_1_169' title='bbox 274 2371 391 2450; x_wconf 82' lang='lat' dir='ltr'>(georg.</span> <span class='ocrx_word' id='word_1_170' title='bbox 405 2370 431 2447; x_wconf 89' lang='grc'>3,</span> <span class='ocrx_word' id='word_1_171' title='bbox 450 2372 519 2450; x_wconf 89' lang='lat'><strong>420)</strong></span> <span class='ocrx_word' id='word_1_172' title='bbox 540 2380 615 2451; x_wconf 84' lang='lat' dir='ltr'>cape</span> <span class='ocrx_word' id='word_1_173' title='bbox 633 2389 718 2433; x_wconf 81' lang='lat' dir='ltr'>sana</span> <span class='ocrx_word' id='word_1_174' title='bbox 737 2390 843 2444; x_wconf 91' lang='lat' dir='ltr'>manu,</span> <span class='ocrx_word' id='word_1_175' title='bbox 864 2380 938 2450; x_wconf 82' lang='lat' dir='ltr'>cape</span> <span class='ocrx_word' id='word_1_176' title='bbox 958 2371 1086 2442; x_wconf 85' lang='lat' dir='ltr'>robora,</span> 
     </span>
     <span class='ocr_line' id='line_1_23' title="bbox 96 2463 1085 2546; baseline 0.002 -20"><span class='ocrx_word' id='word_1_177' title='bbox 96 2474 220 2546; x_wconf 78' lang='lat' dir='ltr'>pastor,</span> <span class='ocrx_word' id='word_1_178' title='bbox 236 2463 446 2545; x_wconf 86' lang='lat' dir='ltr'><em>tollentemque</em></span> <span class='ocrx_word' id='word_1_179' title='bbox 458 2465 563 2528; x_wconf 83' lang='lat' dir='ltr'>menas</span> <span class='ocrx_word' id='word_1_180' title='bbox 576 2473 607 2527; x_wconf 85' lang='lat' dir='ltr'>et</span> <span class='ocrx_word' id='word_1_181' title='bbox 616 2463 711 2527; x_wconf 85' lang='lat' dir='ltr'>sibila</span> <span class='ocrx_word' id='word_1_182' title='bbox 724 2463 804 2527; x_wconf 87' lang='lat' dir='ltr'>calla</span> <span class='ocrx_word' id='word_1_183' title='bbox 817 2473 982 2528; x_wconf 82' lang='lat' dir='ltr'><em>tumentem</em></span> <span class='ocrx_word' id='word_1_184' title='bbox 995 2465 1085 2528; x_wconf 86' lang='lat' dir='ltr'>deice.</span> 
     </span>
     <span class='ocr_line' id='line_1_24' title="bbox 100 2559 1084 2641; baseline 0.002 -19"><span class='ocrx_word' id='word_1_185' title='bbox 100 2560 352 2622; x_wconf 88' lang='lat' dir='ltr'>emendaverunt</span> <span class='ocrx_word' id='word_1_186' title='bbox 362 2574 468 2622; x_wconf 90' lang='lat' dir='ltr'>autem</span> <span class='ocrx_word' id='word_1_187' title='bbox 479 2561 619 2622; x_wconf 92' lang='lat' dir='ltr'>Bembus</span> <span class='ocrx_word' id='word_1_188' title='bbox 632 2578 710 2621; x_wconf 87' lang='lat' dir='ltr'>arna</span> <span class='ocrx_word' id='word_1_189' title='bbox 724 2579 752 2620; x_wconf 92' lang='lat' dir='ltr'>v.</span> <span class='ocrx_word' id='word_1_190' title='bbox 764 2578 826 2638; x_wconf 82' lang='lat'>192,</span> <span class='ocrx_word' id='word_1_191' title='bbox 841 2559 981 2640; x_wconf 82' lang='lat' dir='ltr'>Scaliger</span> <span class='ocrx_word' id='word_1_192' title='bbox 993 2582 1021 2624; x_wconf 92' lang='lat' dir='ltr'>v.</span> <span class='ocrx_word' id='word_1_193' title='bbox 1033 2564 1084 2641; x_wconf 86' lang='lat'>193</span> 
     </span>
     <span class='ocr_line' id='line_1_25' title="bbox 99 2653 1138 2737; baseline 0.003 -21"><span class='ocrx_word' id='word_1_194' title='bbox 99 2654 136 2716; x_wconf 90' lang='lat' dir='ltr'>in</span> <span class='ocrx_word' id='word_1_195' title='bbox 161 2654 315 2716; x_wconf 88' lang='lat' dir='ltr'>sententia</span> <span class='ocrx_word' id='word_1_196' title='bbox 340 2653 416 2716; x_wconf 91' lang='lat' dir='ltr'>item</span> <span class='ocrx_word' id='word_1_197' title='bbox 443 2654 483 2715; x_wconf 89' lang='lat' dir='ltr'>ad</span> <span class='ocrx_word' id='word_1_198' title='bbox 506 2654 749 2717; x_wconf 85' lang='lat' dir='ltr'>ostentationem</span> <span class='ocrx_word' id='word_1_199' title='bbox 769 2653 942 2734; x_wconf 82' lang='lat' dir='ltr'>Epicureae</span> <span class='ocrx_word' id='word_1_200' title='bbox 962 2657 1086 2737; x_wconf 90' lang='lat' dir='ltr'>sapien·</span> <span class='ocrx_word' id='word_1_201' title='bbox 1099 2679 1138 2724; x_wconf 81' lang='lat' dir='ltr'>ns</span> 
     </span>
     <span class='ocr_line' id='line_1_26' title="bbox 98 2747 1086 2831; baseline 0.002 -19"><span class='ocrx_word' id='word_1_202' title='bbox 98 2751 163 2812; x_wconf 85' lang='lat' dir='ltr'>tiae</span> <span class='ocrx_word' id='word_1_203' title='bbox 194 2749 370 2831; x_wconf 88' lang='lat' dir='ltr'>composita</span> <span class='ocrx_word' id='word_1_204' title='bbox 401 2748 453 2828; x_wconf 79' lang='lat' dir='ltr'>(cf.</span> <span class='ocrx_word' id='word_1_205' title='bbox 476 2749 550 2811; x_wconf 90' lang='lat' dir='ltr'>Stat.</span> <span class='ocrx_word' id='word_1_206' title='bbox 571 2747 674 2810; x_wconf 89' lang='lat' dir='ltr'>Theb.</span> <span class='ocrx_word' id='word_1_207' title='bbox 700 2767 742 2826; x_wconf 83' lang='lat'>12,</span> <span class='ocrx_word' id='word_1_208' title='bbox 772 2767 832 2828; x_wconf 90' lang='lat'>420</span> <span class='ocrx_word' id='word_1_209' title='bbox 856 2748 963 2812; x_wconf 84' lang='lat' dir='ltr'>stabat</span> <span class='ocrx_word' id='word_1_210' title='bbox 984 2751 1086 2820; x_wconf 78' lang='lat' dir='ltr'>adnue</span> 
     </span>
     <span class='ocr_line' id='line_1_27' title="bbox 98 2842 1085 2926; baseline 0.002 -18"><span class='ocrx_word' id='word_1_211' title='bbox 98 2865 157 2908; x_wconf 86' lang='lat' dir='ltr'>sen</span> <span class='ocrx_word' id='word_1_212' title='bbox 178 2844 269 2922; x_wconf 88' lang='lat' dir='ltr'>farte</span> <span class='ocrx_word' id='word_1_213' title='bbox 297 2863 396 2926; x_wconf 83' lang='lat' dir='ltr'>rogus</span> <span class='ocrx_word' id='word_1_214' title='bbox 425 2864 479 2906; x_wconf 87' lang='lat' dir='ltr'>sen</span> <span class='ocrx_word' id='word_1_215' title='bbox 509 2843 635 2905; x_wconf 82' lang='lat' dir='ltr'><em>numine</em></span> <span class='ocrx_word' id='word_1_216' title='bbox 659 2842 781 2922; x_wconf 72' lang='lat' dir='ltr'>denum)</span> <span class='ocrx_word' id='word_1_217' title='bbox 811 2843 863 2906; x_wconf 86' lang='lat' dir='ltr'>cni</span> <span class='ocrx_word' id='word_1_218' title='bbox 890 2860 920 2907; x_wconf 93' lang='lat' dir='ltr'>et</span> <span class='ocrx_word' id='word_1_219' title='bbox 949 2846 1085 2925; x_wconf 70' lang='lat' dir='ltr'>sacrarit,</span> 
     </span>
     <span class='ocr_line' id='line_1_28' title="bbox 100 2937 1139 3023; baseline 0.004 -21"><span class='ocrx_word' id='word_1_220' title='bbox 100 2939 262 3020; x_wconf 90' lang='lat' dir='ltr'>Hauptius</span> <span class='ocrx_word' id='word_1_221' title='bbox 291 2938 404 3012; x_wconf 83' lang='lat' dir='ltr'>ualuit,</span> <span class='ocrx_word' id='word_1_222' title='bbox 436 2939 572 3019; x_wconf 90' lang='lat' dir='ltr'>denique</span> <span class='ocrx_word' id='word_1_223' title='bbox 603 2937 676 3001; x_wconf 87' lang='lat' dir='ltr'>talr&#39;s</span> <span class='ocrx_word' id='word_1_224' title='bbox 706 2938 845 3020; x_wconf 87' lang='lat' dir='ltr'>Silligius</span> <span class='ocrx_word' id='word_1_225' title='bbox 875 2960 902 2999; x_wconf 92' lang='lat' dir='ltr'>v.</span> <span class='ocrx_word' id='word_1_226' title='bbox 933 2960 999 3020; x_wconf 78' lang='lat'>1943</span> <span class='ocrx_word' id='word_1_227' title='bbox 1031 2941 1085 3023; x_wconf 92' lang='lat' dir='ltr'>qui</span> <span class='ocrx_word' id='word_1_228' title='bbox 1100 2963 1139 3010; x_wconf 79' lang='lat'>191</span> 
     </span>
     <span class='ocr_line' id='line_1_29' title="bbox 99 3033 1085 3115; baseline 0.004 -21"><span class='ocrx_word' id='word_1_229' title='bbox 99 3053 200 3115; x_wconf 87' lang='lat' dir='ltr'>quem</span> <span class='ocrx_word' id='word_1_230' title='bbox 213 3053 342 3095; x_wconf 88' lang='lat' dir='ltr'>sensum</span> <span class='ocrx_word' id='word_1_231' title='bbox 356 3033 524 3096; x_wconf 90' lang='lat' dir='ltr'>emendato</span> <span class='ocrx_word' id='word_1_232' title='bbox 539 3033 696 3095; x_wconf 92' lang='lat' dir='ltr'>vocabulo</span> <span class='ocrx_word' id='word_1_233' title='bbox 710 3033 850 3115; x_wconf 85' lang='lat' dir='ltr'>ascripsit</span> <span class='ocrx_word' id='word_1_234' title='bbox 871 3033 959 3112; x_wconf 90' lang='lat' dir='ltr'>(‘talis</span> <span class='ocrx_word' id='word_1_235' title='bbox 979 3050 1085 3098; x_wconf 91' lang='lat' dir='ltr'>tamen</span> 
     </span>
     <span class='ocr_line' id='line_1_30' title="bbox 99 3126 1085 3206; baseline 0 -16"><span class='ocrx_word' id='word_1_236' title='bbox 99 3148 159 3190; x_wconf 92' lang='lat' dir='ltr'>seu</span> <span class='ocrx_word' id='word_1_237' title='bbox 179 3128 258 3190; x_wconf 89' lang='lat' dir='ltr'>deus</span> <span class='ocrx_word' id='word_1_238' title='bbox 278 3148 334 3190; x_wconf 91' lang='lat' dir='ltr'>seu</span> <span class='ocrx_word' id='word_1_239' title='bbox 355 3148 444 3190; x_wconf 90' lang='lat' dir='ltr'>casus</span> <span class='ocrx_word' id='word_1_240' title='bbox 463 3147 537 3190; x_wconf 93' lang='lat' dir='ltr'>eum</span> <span class='ocrx_word' id='word_1_241' title='bbox 555 3127 680 3190; x_wconf 92' lang='lat' dir='ltr'>vincere</span> <span class='ocrx_word' id='word_1_242' title='bbox 700 3126 829 3206; x_wconf 68' lang='lat' dir='ltr'>voluit),</span> <span class='ocrx_word' id='word_1_243' title='bbox 850 3148 924 3190; x_wconf 91' lang='lat' dir='ltr'>sane</span> <span class='ocrx_word' id='word_1_244' title='bbox 944 3149 962 3190; x_wconf 92' lang='lat' dir='ltr'>a</span> <span class='ocrx_word' id='word_1_245' title='bbox 983 3130 1085 3192; x_wconf 89' lang='lat' dir='ltr'>latini-</span> 
     </span>
     <span class='ocr_line' id='line_1_31' title="bbox 100 3223 1085 3303; baseline 0.003 -19"><span class='ocrx_word' id='word_1_246' title='bbox 100 3237 164 3285; x_wconf 88' lang='lat' dir='ltr'>tate</span> <span class='ocrx_word' id='word_1_247' title='bbox 185 3242 298 3303; x_wconf 89' lang='lat' dir='ltr'>parum</span> <span class='ocrx_word' id='word_1_248' title='bbox 320 3223 588 3300; x_wconf 83' lang='lat' dir='ltr'>commendatum,</span> <span class='ocrx_word' id='word_1_249' title='bbox 610 3243 685 3286; x_wconf 91' lang='lat' dir='ltr'>eum</span> <span class='ocrx_word' id='word_1_250' title='bbox 705 3243 761 3284; x_wconf 90' lang='lat' dir='ltr'>sua</span> <span class='ocrx_word' id='word_1_251' title='bbox 780 3223 974 3286; x_wconf 91' lang='lat' dir='ltr'>correctione</span> <span class='ocrx_word' id='word_1_252' title='bbox 994 3225 1085 3288; x_wconf 87' lang='lat' dir='ltr'>tacite</span> 
     </span>
     <span class='ocr_line' id='line_1_32' title="bbox 101 3317 1085 3399; baseline 0 -18"><span class='ocrx_word' id='word_1_253' title='bbox 101 3318 238 3381; x_wconf 84' lang='lat' dir='ltr'>correxit</span> <span class='ocrx_word' id='word_1_254' title='bbox 258 3318 424 3399; x_wconf 91' lang='lat' dir='ltr'>Hauptius.</span> <span class='ocrx_word' id='word_1_255' title='bbox 464 3318 545 3391; x_wconf 73' lang='lat' dir='ltr'>tales,</span> <span class='ocrx_word' id='word_1_256' title='bbox 567 3317 585 3379; x_wconf 93' lang='lat' dir='ltr'>i.</span> <span class='ocrx_word' id='word_1_257' title='bbox 601 3337 626 3380; x_wconf 90' lang='lat' dir='ltr'>e.</span> <span class='ocrx_word' id='word_1_258' title='bbox 641 3317 747 3380; x_wconf 91' lang='lat' dir='ltr'>senior</span> <span class='ocrx_word' id='word_1_259' title='bbox 767 3318 843 3396; x_wconf 87' lang='lat'>(186.</span> <span class='ocrx_word' id='word_1_260' title='bbox 860 3318 926 3396; x_wconf 88' lang='lat'>388)</span> <span class='ocrx_word' id='word_1_261' title='bbox 947 3333 977 3380; x_wconf 92' lang='lat' dir='ltr'>et</span> <span class='ocrx_word' id='word_1_262' title='bbox 998 3334 1085 3381; x_wconf 90' lang='lat' dir='ltr'>metu</span> 
     </span>
     <span class='ocr_line' id='line_1_33' title="bbox 101 3409 1084 3490; baseline -0.002 -15"><span class='ocrx_word' id='word_1_263' title='bbox 101 3413 308 3490; x_wconf 82' lang='lat' dir='ltr'>exanimatus,</span> <span class='ocrx_word' id='word_1_264' title='bbox 329 3413 403 3475; x_wconf 88' lang='lat' dir='ltr'>satis</span> <span class='ocrx_word' id='word_1_265' title='bbox 423 3413 463 3475; x_wconf 89' lang='lat' dir='ltr'>ad</span> <span class='ocrx_word' id='word_1_266' title='bbox 484 3413 708 3475; x_wconf 90' lang='lat' dir='ltr'>debellandum</span> <span class='ocrx_word' id='word_1_267' title='bbox 729 3431 803 3473; x_wconf 92' lang='lat' dir='ltr'>curn</span> <span class='ocrx_word' id='word_1_268' title='bbox 822 3425 965 3474; x_wconf 91' lang='lat' dir='ltr'>monstro</span> <span class='ocrx_word' id='word_1_269' title='bbox 979 3409 1084 3476; x_wconf 89' lang='lat' dir='ltr'>valuit.</span> 
     </span>
     <span class='ocr_line' id='line_1_34' title="bbox 99 3506 1086 3588; baseline 0.001 -18"><span class='ocrx_word' id='word_1_270' title='bbox 99 3507 238 3570; x_wconf 86' lang='lat' dir='ltr'>tricatnr</span> <span class='ocrx_word' id='word_1_271' title='bbox 257 3507 377 3581; x_wconf 85' lang='lat' dir='ltr'>scilicet,</span> <span class='ocrx_word' id='word_1_272' title='bbox 398 3517 434 3570; x_wconf 91' lang='lat' dir='ltr'>nt</span> <span class='ocrx_word' id='word_1_273' title='bbox 449 3507 540 3570; x_wconf 77' lang='lat' dir='ltr'>noma</span> <span class='ocrx_word' id='word_1_274' title='bbox 560 3506 633 3570; x_wconf 70' lang='lat' dir='ltr'>tales</span> <span class='ocrx_word' id='word_1_275' title='bbox 653 3507 767 3570; x_wconf 90' lang='lat' dir='ltr'>Cicero</span> <span class='ocrx_word' id='word_1_276' title='bbox 788 3507 827 3568; x_wconf 90' lang='lat' dir='ltr'>ad</span> <span class='ocrx_word' id='word_1_277' title='bbox 844 3511 907 3568; x_wconf 92' lang='lat' dir='ltr'>Att.</span> <span class='ocrx_word' id='word_1_278' title='bbox 926 3510 969 3586; x_wconf 85' lang='lat'>15,</span> <span class='ocrx_word' id='word_1_279' title='bbox 995 3509 1037 3588; x_wconf 84' lang='lat'>13,</span> <span class='ocrx_word' id='word_1_280' title='bbox 1060 3513 1086 3586; x_wconf 89' lang='grc'>5,</span> 
     </span>
     <span class='ocr_line' id='line_1_35' title="bbox 101 3599 1087 3682; baseline 0.004 -20"><span class='ocrx_word' id='word_1_281' title='bbox 101 3599 184 3682; x_wconf 86' lang='lat' dir='ltr'>qnid</span> <span class='ocrx_word' id='word_1_282' title='bbox 194 3600 295 3681; x_wconf 83' lang='lat' dir='ltr'>patuit</span> <span class='ocrx_word' id='word_1_283' title='bbox 311 3603 457 3666; x_wconf 80' lang='lat' dir='ltr'>navitatis</span> <span class='ocrx_word' id='word_1_284' title='bbox 476 3623 618 3666; x_wconf 87' lang='lat' dir='ltr'>amarem</span> <span class='ocrx_word' id='word_1_285' title='bbox 636 3602 803 3665; x_wconf 85' lang='lat' dir='ltr'>accmdere</span> <span class='ocrx_word' id='word_1_286' title='bbox 817 3602 898 3682; x_wconf 69' lang='lat' dir='ltr'><em>tali?</em></span> <span class='ocrx_word' id='word_1_287' title='bbox 922 3604 1087 3668; x_wconf 90' lang='lat' dir='ltr'>Lucretius</span> 
     </span>
    </p>
   </div>
   <div class='ocr_carea' id='block_1_3' title="bbox 901 3716 931 3770">
    <p class='ocr_par' dir='ltr' id='par_1_3' title="bbox 901 3716 931 3770">
     <span class='ocr_line' id='line_1_36' title="bbox 901 3716 931 3770; baseline 0 -20"><span class='ocrx_word' id='word_1_288' title='bbox 901 3716 931 3770; x_wconf 81' lang='grc'>5*</span> 
     </span>
    </p>
   </div>
   <div class='ocr_carea' id='block_1_4' title="bbox 0 0 1294 4242">
    <p class='ocr_par' dir='ltr' id='par_1_4' title="bbox 0 0 1294 4242">
     <span class='ocr_line' id='line_1_37' title="bbox 0 0 1294 4242; baseline 0 0"><span class='ocrx_word' id='word_1_289' title='bbox 0 0 1294 4242; x_wconf 95' lang='lat' dir='ltr'> </span> 
     </span>
    </p>
   </div>
  </div>
 </body>
</html>
