2600 4242
232 328 267 387 52
589 327 850 377 conurenruuvs

227 514 364 601 ἡμιδαὴς
399 517 542 582 Φαέθων
573 519 672 579 πέσεν
703 514 849 596 ἅρματος
876 508 1014 578 Ἠελίοιο
1037 513 1152 600 λίμνης
1179 515 1213 590 ἐς

176 627 215 672 tto
228 609 377 692 προχοὰς
396 611 620 693 πολυβενθέος
643 609 758 688 (Apoll.
778 628 813 687 4,
841 610 915 688 597l·
945 641 985 654 -
1013 629 1041 669 v.
1070 627 1125 688 ¹²9
1154 608 1212 670 nn-

149 702 348 784 amplexae
368 705 490 768 Heinsii
511 704 690 767 emendatio
711 718 765 766 est.
791 737 828 746 -
853 703 996 784 sequitur
1013 703 1104 765 locus
1128 703 1214 766 diffi-

228 798 294 860 cilis
315 799 354 862 de
369 800 525 882 Phyllide,
546 819 613 862 non
632 798 700 860 sine
720 797 838 859 mendo
852 797 993 875 traditus,
1012 797 1070 858 sed
1089 817 1212 879 nequa·

226 912 322 974 quam
343 895 385 957 ita
405 911 572 977 corruptus
593 911 628 956 ut
642 915 680 958 ex
697 893 820 956 infinita
833 892 1117 974 interpolationum
1129 893 1209 956 serie

225 988 370 1051 conicias.
412 1007 506 1072 atque
527 988 678 1053 orationis
698 989 834 1070 figuram
847 987 915 1048 ltali
933 1003 1211 1068 recuperaverunt,

219 1083 343 1166 perfide
354 1085 440 1164 prius
454 1085 651 1148 restituentes
661 1083 710 1162 (cf.
721 1083 890 1160 Catulloa„
906 1082 979 1160 132).
1005 1082 1209 1164 participium

224 1193 410 1259 corruptum
434 1194 480 1240 est
505 1179 539 1240 in
563 1179 650 1241 libris
674 1177 803 1259 defeeede
827 1196 930 1258 neque
954 1175 1124 1239 verisimile
1152 1194 1210 1257 est,

222 1272 248 1332 si
268 1272 302 1333 in
322 1273 480 1336 Bembino
500 1293 608 1335 versus
629 1293 696 1336 non
716 1273 866 1354 periisset,
887 1272 1030 1334 futurum
1053 1271 1150 1335 fuisse
1172 1288 1208 1335 ut

222 1366 442 1448 incorruptum
468 1369 656 1430 haberemus
682 1368 884 1431 vocabulum.
929 1367 986 1428 sed
1005 1382 1108 1430 cetera
1128 1389 1208 1431 sana

221 1478 303 1524 sunt.
336 1462 495 1545 posterius
515 1465 615 1525 stabat
634 1463 687 1526 cni
703 1461 905 1543 Demophoon
928 1471 1058 1524 aetem
1076 1462 1212 1544 reb'quit

215 1555 390 1638 perfidelem
407 1555 604 1619 lamentandi
618 1557 714 1620 mala.
756 1557 830 1619 hinc
851 1557 906 1637 qui
924 1557 1032 1618 omnia
1051 1559 1207 1638 pervellat

219 1667 314 1732 atque
336 1651 491 1732 discerpat
512 1651 601 1714 facile
622 1652 736 1715 efficiat
760 1662 890 1714 aeternna
914 1651 1045 1732 reliquit
1058 1651 1206 1732 perfidia

219 1745 365 1820 lomento,
385 1747 441 1810 sed
461 1767 498 1808 ea
517 1746 584 1828 ipsa
604 1748 781 1810 observatio
802 1747 841 1809 de
862 1767 925 1828 qua
949 1747 990 1808 ad
1002 1767 1030 1814 v.
1044 1747 1083 1808 66
1102 1747 1206 1809 locuti

218 1861 329 1902 sumus
354 1844 568 1905 coniecntram
593 1841 716 1918 refutat,
743 1843 900 1924 siquidem
926 1839 1128 1904 refutandum
1157 1857 1205 1903 est

219 1934 307 2013 quod
327 1951 391 1997 tam
413 1937 519 1998 multis
540 1937 684 2000 arriserit.
728 1937 874 2016 gerundii
892 1957 967 1998 usus
987 1936 1072 1997 idem
1092 1951 1139 1997 est
1162 1938 1204 1999 de

220 2047 284 2107 quo
311 2031 436 2093 monuit
460 2031 638 2112 Madvigius
663 2032 703 2093 ad
728 2031 794 2093 Cic.
820 2032 859 2093 de
883 2031 935 2092 fin.
959 2031 985 2109 3,
1004 2033 1043 2110 45
1068 2046 1098 2092 et
1127 2032 1204 2094 alii:

218 2121 332 2184 Cicero
352 2143 425 2186 cum
440 2125 543 2187 dicere
557 2125 710 2206 potuisset
727 2125 829 2206 ipsum
848 2124 961 2188 bonnm
980 2144 1117 2187 crescere
1136 2146 1204 2189 non

212 2227 314 2298 potest
339 2220 390 2282 vel
419 2218 624 2282 accessionem
652 2220 773 2283 nullom
798 2219 903 2293 nabet,
935 2219 1013 2281 dixit
1041 2221 1206 2284 crescendi

216 2313 419 2378 aceesstonem
439 2314 560 2377 nnllam
579 2312 687 2388 haben
706 2314 828 2396 scripsit
847 2315 887 2376 ad
907 2314 1047 2377 Atticum
1063 2315 1091 2392 8,
1114 2333 1160 2393 14,
1188 2337 1199 2377 r

215 2428 312 2490 neque
340 2430 454 2474 novam
484 2409 613 2492 meone
641 2409 707 2472 iam
733 2409 892 2490 repertom
918 2408 1078 2474 scribendi
1097 2408 1202 2472 nlhm

213 2505 404 2579 sententiam,
430 2527 497 2569 non
522 2505 682 2568 scribendi
703 2504 802 2567 ullam
827 2504 996 2566 manerem
1021 2505 1072 2566 vel
1100 2524 1202 2585 qteam

212 2599 351 2662 scribam
365 2601 465 2664 ullam
479 2599 662 2663 sententiam
666 2625 676 2674 ;
689 2599 733 2660 sic
747 2599 799 2661 ille
814 2617 887 2660 cum
902 2598 1054 2678 potuisset
1066 2607 1201 2661 aeterna

213 2692 343 2774 reliquit
352 2695 440 2758 molo
453 2696 504 2757 vel
513 2704 644 2757 aeterna
656 2694 806 2757 excitavit
816 2692 961 2766 lomento,
975 2693 1052 2762 dixit
1066 2702 1199 2756 aeterna

212 2786 341 2868 eelziynt't
358 2787 553 2851 lamentandi
569 2789 665 2852 made.
707 2789 852 2870 Phyllida
866 2803 973 2850 autem
986 2788 1058 2850 satis
1072 2802 1199 2850 amator

212 2880 338 2960 indicat,
351 2882 423 2944 vide
438 2903 519 2964 quae
534 2884 757 2946 damnatorum
771 2883 901 2947 nomina
914 2898 1013 2945 taceat
1026 2904 1054 2943 v.
1066 2902 1125 2962 240
1137 2903 1197 2964 sq.²

213 2991 242 3037 et
256 2994 404 3038 ranarum
419 2997 548 3059 quoque
561 3000 590 3040 v.
609 2983 670 3042 151.
711 2981 774 3042 iam
788 2981 866 3061 quid
880 2980 939 3042 sibi
952 2978 1049 3040 velint
1062 2987 1196 3041 aeterna

211 3072 294 3134 mala
308 3072 454 3154 Hyginus
470 3073 562 3136 docet
576 3075 637 3137 fab.
655 3078 690 3155 59
711 3076 763 3138 eni
769 3085 921 3156 parentes
934 3093 1003 3137 enm
1015 3073 1196 3155 sepulcrum

210 3168 442 3243 constitnitsent,
462 3168 596 3232 arbores
608 3169 654 3232 ibi
663 3180 738 3232 sunt
747 3180 848 3244 natae,
868 3191 948 3252 quae
961 3178 1044 3232 certo
1057 3178 1196 3249 tempore

211 3262 365 3346 phyllon
384 3274 516 3327 mortem
537 3266 650 3347 lugent,
671 3286 731 3346 qno
741 3265 829 3346 folio
845 3274 993 3328 arescunt
1001 3273 1034 3328 et
1043 3262 1192 3346 defluunt.

210 3358 248 3419 cf.
272 3358 451 3421 Knaackius
482 3360 697 3422 analectorum
727 3380 757 3441 p.
776 3381 823 3440 40.
874 3360 933 3441 ipsi
962 3359 1058 3440 igitur
1087 3360 1194 3422 arbori

209 3453 363 3515 maestitia
376 3470 482 3516 manet
496 3455 728 3536 Demophontis
742 3455 901 3535 perfidiae.
942 3455 1057 3536 quodsi
1077 3456 1194 3536 plurali

208 3565 342 3609 numero
363 3549 507 3630 sequitur
520 3549 642 3629 puellis,
663 3567 791 3631 apparet
817 3553 877 3614 hoc
897 3571 962 3613 non
983 3551 1023 3612 ad
1044 3551 1192 3634 Phyllida

207 3661 274 3702 esse
304 3643 494 3704 trahendum
525 3645 573 3720 (cf.
605 3645 783 3706 Knaackius
811 3666 843 3726 p.
863 3647 928 3725 42),
963 3646 1018 3708 sed
1053 3647 1092 3708 de
1122 3646 1190 3708 aliis
