2600 4242
228 349 267 408 42
587 329 846 375 COMMENTARIVS

230 525 323 590 atque
344 511 439 573 etiam
454 511 493 573 de
507 512 629 575 Alcone
644 510 757 573 rectius
779 509 857 572 mihi
874 510 998 573 videtur
1012 529 1108 591 quam
1124 529 1215 571 com-

231 619 421 668 mentatores
432 604 528 668 Ovidi
539 605 700 666 Brunnius
714 606 867 668 iudicasse
884 605 953 668 hist
965 605 1044 666 artis.
1055 624 1084 680 2,
1097 624 1157 682 402
1168 625 1215 685 sq.

152 710 219 758 6770
234 734 269 744 -
300 700 441 782 Vergilio
472 699 609 782 agricola
640 715 685 761 est
715 698 801 762 debes
830 709 922 779 opum
950 699 1131 771 variorum,
1162 699 1216 760 hic

230 795 384 858 curiosius
417 814 574 876 purpurae
613 795 747 875 opponit
785 809 930 856 tenerum
968 813 1100 876 gramen
1136 795 1216 873 (69),

231 890 360 970 picturis
390 888 611 971 lapidibusque
644 888 789 950 tellurem
823 887 954 950 floribus
988 888 1104 969 pictam
1140 891 1216 968 (70);

152 997 218 1043 7777
231 985 345 1048 deinde
359 985 463 1049 lucens
479 982 600 1046 Tmolia
614 1003 702 1045 coma
715 1003 785 1046 cum
797 981 898 1046 viridi
901 981 1034 1063 palmite
1045 983 1093 1062 (cf.
1106 985 1215 1046 bucol

229 1100 258 1159 4„
283 1083 326 1160 19)
347 1100 427 1161 quae
448 1082 617 1141 cubantem
630 1077 798 1158 pampineo
816 1077 931 1139 amictu
950 1079 1032 1140 velat
1053 1077 1145 1140 facile
1166 1080 1217 1140 in-

230 1175 421 1254 telleguntur
451 1189 596 1236 contorta
625 1174 728 1234 verba.
780 1171 818 1232 cf.
849 1172 1062 1234 Buechelerus
1092 1193 1122 1254 p.
1147 1175 1214 1254 327.

229 1267 335 1330 subter
355 1268 499 1334 additum
514 1283 559 1330 est
572 1270 670 1330 verbo
686 1265 854 1347 pertinenti
869 1266 908 1328 ad
922 1266 1028 1344 vitem,
1049 1284 1215 1349 repentem

192 1362 349 1424 tescilicet
374 1384 430 1444 per
455 1364 590 1425 humum
615 1376 645 1424 et
670 1349 779 1423 leviter
801 1361 1031 1442 adsurgentem.
1062 1397 1101 1406 -
1132 1385 1161 1424 v.
1177 1365 1216 1443 78

230 1473 359 1537 apparet
387 1468 509 1539 semper
539 1477 604 1519 non
635 1456 675 1518 ad
698 1467 795 1537 opaca
824 1456 880 1518 sed
904 1456 945 1517 ad
968 1456 1134 1519 manantia
1160 1459 1215 1519 ad-

230 1551 414 1632 plicandum
435 1573 501 1615 esse
518 1552 580 1631 (sic
601 1551 760 1633 Silligius)‚
790 1550 829 1613 cf.
851 1551 943 1613 Lucr.
966 1553 992 1629 5,
1018 1552 1072 1612 261
1103 1572 1216 1614 umore

231 1667 309 1710 novo
328 1667 420 1710 marc
433 1647 575 1730 flumina
589 1648 697 1726 fontes
719 1655 842 1726 semper
865 1643 1029 1708 abundare
1054 1654 1086 1706 et
1108 1645 1216 1709 lanies

230 1762 365 1805 manare
376 1752 544 1824 perennes,-
564 1740 663 1821 magis
678 1741 816 1821 cuipiam
830 1741 1047 1821 quaerendum
1060 1739 1215 1820 videatur,

192 1851 219 1896 77
231 1839 374 1918 sequenti
394 1858 486 1900 versu
506 1837 612 1918 magis
632 1855 706 1898 cum
725 1844 825 1916 optato
845 1855 886 1896 an
904 1855 978 1898 curn
996 1836 1215 1915 comparativo

230 1931 429 2014 iungendum
457 1933 509 2010 sit;
539 1932 595 1996 sed
625 1951 691 1994 non
723 1930 870 1992 dixerunt
897 1929 1041 2012 Heynius
1072 1929 1214 2010 Silligius

231 2026 433 2088 Burmannus
454 2027 504 2105 (ad
518 2028 611 2108 Prop.
627 2045 654 2104 2,
675 2026 760 2104 7‚*93
782 2025 801 2086 i.
816 2044 841 2086 e.
863 2045 890 2104 9.
910 2025 948 2103 43
971 2025 1026 2085 ubi
1043 2025 1150 2104 magis
1170 2035 1219 2087 cst

230 2120 381 2200 acceptius
405 2121 438 2182 in
461 2121 550 2183 libris
570 2119 759 2200 quibusdam
785 2119 1000 2200 interpolatis),
1025 2119 1080 2200 qui
1103 2136 1215 2183 contra

231 2213 426 2296 Scaligerum
454 2232 484 2278 et
508 2215 758 2277 Taubmannum
788 2214 982 2291 obtinebant,
1012 2215 1101 2295 quod
1132 2232 1215 2276 esset

230 2307 335 2389 magis
353 2317 490 2390 optatum
510 2329 631 2382 aevum,
657 2329 731 2372 cum
751 2317 887 2390 optatum
907 2328 1020 2370 aemem
1043 2309 1213 2373 manifesto

230 2403 384 2485 significet
414 2423 554 2466 aureum.
609 2420 703 2487 atque
731 2404 876 2484 ineptum
906 2403 945 2465 sit
973 2403 1091 2466 dicere:
1122 2406 1213 2485 quod

230 2519 345 2562 aevum
375 2499 475 2581 magis
505 2515 664 2581 optatum,
700 2499 754 2579 qui
785 2497 930 2560 homines
960 2489 1114 2561 beatiores
1145 2520 1213 2562 esse

230 2594 367 2674 possint?
389 2614 463 2656 cum
484 2615 550 2658 non
571 2614 684 2658 aevum
704 2593 858 2670 laudetur,
878 2592 934 2654 sed
954 2593 1109 2671 condici0,
1131 2593 1214 2656 inter

230 2689 298 2750 aevi
324 2689 470 2752 libidines
495 2692 585 2752 beata
611 2704 785 2770 paupertas.
826 2708 902 2770 ergo
928 2689 1050 2770 quaerit
1070 2689 1141 2769 quis
1162 2691 1213 2751 vel

231 2802 269 2844 ex
289 2803 386 2846 aureo
406 2804 521 2864 genere
542 2784 606 2846 istis
625 2783 809 2846 hominibus
828 2783 934 2866 magis
952 2782 1072 2846 beatior
1092 2783 1214 2846 haben-

231 2876 289 2938 dus
318 2879 366 2940 sit.
417 2894 510 2959 atque
541 2878 747 2941 memorabile
776 2893 830 2950 est,
861 2878 947 2940 hunc
976 2893 1103 2958 poetam
1134 2897 1214 2940 con-

230 2972 401 3035 structione
422 2974 468 3035 uti
489 2993 569 3054 quae
589 2994 608 3036 7
626 2973 778 3036 latinitate
803 2973 933 3053 quidem
957 2972 1046 3035 nullo
1067 2987 1214 3053 tempore

230 3067 330 3131 aliena
362 3069 468 3145 fuerit,
502 3068 558 3132 sed
591 3089 609 3130 a
641 3067 743 3148 poetis
777 3069 927 3148 cultoque
959 3087 1105 3130 sermone
1141 3083 1214 3148 post

230 3163 432 3241 Terentium,
456 3162 546 3244 loqui
572 3163 668 3244 igitur
692 3177 728 3224 ut
757 3162 832 3224 belli
855 3161 996 3225 Africani
1026 3162 1213 3242 scriptorem

230 3258 280 3338 (ad
301 3259 390 3320 cuius
410 3260 518 3321 locum
539 3277 563 3319 c.
581 3257 630 3335 48,
652 3259 668 3319 3
689 3257 1000 3338 magosuspensnre
1013 3255 1119 3320 animo
1138 3256 1212 3319 vide

231 3373 310 3434 quae
345 3353 554 3417 Woelfflinus
588 3369 618 3415 et
643 3351 863 3415 Miodonslrius
890 3352 1129 3430 adnotaverunt)
1160 3354 1212 3414 vel

230 3449 409 3512 Vitruvium
428 3450 479 3511 vel
494 3447 654 3510 Valerium
669 3447 853 3509 Maximum.
894 3465 968 3508 nam
987 3446 1081 3510 Ovidi
1100 3466 1211 3510 versus

228 3543 295 3604 last.
325 3565 348 3622 1,
376 3545 430 3606 526
455 3562 531 3604 num
555 3541 659 3604 minus
682 3541 733 3605 hic
757 3549 816 3604 toto
845 3550 892 3604 est
913 3539 1010 3604 αἰτίαν
1032 3540 1108 3604 orbe
1132 3540 1212 3604 cinis

228 3637 379 3717 componi
400 3637 554 3700 cumillis
575 3656 641 3698 non
662 3637 804 3714 debebat,
831 3656 904 3699 cum
925 3637 987 3698 hoc
1008 3637 1102 3698 dicat:
1130 3655 1210 3697 num
