2600 4242
232 327 268 389 30
587 324 848 372 COMMENTARIVS

229 505 329 590 χορὸν
355 505 389 583 ἐξ
416 505 583 582 Ἑλικῶνος
609 506 719 572 ἐλθεῖν
744 509 790 583 εἰς
819 505 899 590 ἐμὸν
928 497 1005 592 ἦτορ
1032 505 1222 588 ἐπεύχομαι

230 601 323 664 εἵνεκ’
338 598 461 685 ἀοιδῆς.

152 723 217 771 uon
308 704 384 765 Post
415 704 583 766 Phoebum
614 703 784 784 Musasque
815 725 843 766 v.
865 724 903 766 20
932 703 1065 766 advocat
1095 704 1221 782 Palem,

230 797 278 861 ad
292 789 389 881 quarn
401 808 535 862 ocntrcra
549 796 691 860 recurrit
701 808 864 879 agrestum
877 798 959 862 bona
971 817 1092 861 scurra.
1136 817 1223 878 quac

230 895 325 956 verba
342 893 460 975 duplici
474 893 651 972 corruptela
664 892 817 955 laborant.
852 913 955 974 neque
971 892 1065 970 enim,
1082 901 1223 955 vcnmra

231 988 311 1051 bona
324 990 350 1050 si
364 1005 507 1051 tenemus
529 987 577 1066 (cf.
592 1007 618 1049 e.
633 1006 662 1067 g.
684 987 750 1049 Cic.
766 987 860 1049 Tusc.
874 1006 903 1066 4
922 1005 957 1065 14
975 985 1077 1066 opinio
1091 988 1226 1048 venturi

231 1083 309 1156 boui,
325 1085 418 1164 Prop.
435 1105 457 1159 r,
468 1105 496 1163 9,
512 1084 545 1145 18
558 1080 923 1162 omurriprimafavillo
934 1080 1015 1143 mali
1023 1097 1057 1143 ut
1067 1081 1222 1144 Lucanus

231 1195 258 1255 7,
277 1179 345 1255 1053
366 1177 440 1240 Stat.
455 1178 521 1239 silv.
532 1197 561 1257 4,
574 1196 603 1256 4,
617 1177 651 1238 81
675 1177 782 1238 virum
795 1185 929 1239 ventrcra
936 1185 1090 1256 propago,
1111 1175 1221 1239 Theb.

235 1290 278 1349 12,
299 1290 339 1350 74
357 1272 436 1333 Ach.
463 1293 486 1350 1,
507 1274 569 1351 267⁴
583 1271 739 1334 ucnc'entia
752 1270 887 1353 gaudii,
908 1271 1001 1352 Verg.
1016 1273 1096 1331 Aen.
1113 1271 1139 1348 3,
1165 1271 1221 1332 158

230 1375 377 1428 venturos
396 1369 534 1447 nepotes),
555 1383 611 1429 aut
629 1367 770 1429 recurrit
787 1380 841 1428 aut
859 1383 971 1428 secura
990 1364 1090 1427 teneri
1104 1381 1220 1446 potest,

232 1478 335 1540 neque
349 1459 376 1520 si
389 1479 464 1523 cum
477 1462 634 1543 plerisque
649 1461 730 1524 bona
742 1461 836 1524 turbo
849 1462 900 1522 vel
916 1480 997 1541 quae
1011 1460 1078 1522 eius
1092 1461 1221 1541 generis

230 1568 305 1616 sunt
314 1555 554 1630 substituuntur,
567 1556 671 1636 priore
682 1571 736 1617 aut
746 1556 844 1617 altero
855 1575 947 1617 versu
957 1555 1101 1636 procedit
1111 1575 1222 1618 sermo

233 1664 418 1712 metrumve.
458 1666 552 1732 atque
577 1652 665 1732 quod
685 1651 898 1712 Buechelerus
918 1671 956 1713 ex
972 1650 1223 1713 Helmstadiensi

232 1745 355 1825 partim,
377 1746 550 1826 partimur
570 1745 726 1808 Vossiano
749 1746 914 1826 adsumpta
940 1745 1075 1808 lectione
1096 1747 1223 1826 scripsit

231 1839 280 1901 ad
304 1861 399 1921 quarn
428 1851 562 1904 ventrrra
590 1849 762 1903 recurrunt
791 1847 953 1920 agrestum
986 1839 1067 1902 bona
1090 1842 1220 1920 fc’tura,

233 1935 341 1996 nescio
375 1955 415 1997 an
449 1936 620 1999 sententiae
653 1955 717 1998 non
750 1953 860 1997 omnes
900 1953 1049 1998 numeros
1083 1937 1220 2017 expleat.

232 2029 350 2091 scilicet
370 2029 410 2091 ad
432 2029 540 2090 Palem
562 2030 647 2110 quod
669 2045 761 2111 poeta
785 2049 818 2091 se
840 2023 1002 2106 convertit,
1027 2031 1094 2092 eius
1119 2033 1166 2094 rei
1186 2033 1221 2094 in

234 2123 397 2184 enuntiato
419 2123 604 2203 interposito
630 2127 769 2207 aliquam
789 2124 944 2186 rationem
964 2125 1054 2186 reddi
1074 2142 1224 2208 expecta-

234 2237 319 2293 mus3
347 2217 475 2297 qualem
500 2221 687 2282 sententiam
712 2240 786 2282 cum
810 2220 843 2281 in
870 2219 918 2281 his
938 2221 1040 2282 verbis
1060 2221 1223 2301 adquam

233 2311 375 2372 recurrit
392 2322 554 2392 agrestum
574 2313 654 2376 bona
667 2349 704 2360 «-
721 2315 900 2376 incohatam
914 2314 1047 2393 videam,
1069 2314 1147 2377 haec
1162 2335 1223 2396 po-

233 2406 390 2468 tissimum
411 2409 535 2469 tenebo.
581 2409 645 2471 iam
669 2425 705 2471 ut
731 2410 868 2491 perlecta
893 2409 946 2471 fiat
971 2429 1016 2471 ex*
1035 2410 1222 2490 imperfecta

234 2502 345 2579 oratio,
386 2503 612 2584 praevertimus
652 2505 691 2566 ad
730 2506 838 2567 locum
878 2504 982 2566 statim
1022 2520 1220 2585 sequentem,

233 2597 398 2677 splendide
420 2615 607 2661 exornatum
628 2598 719 2660 illum
733 2599 773 2660 ad
787 2600 1010 2680 georgicorum
1026 2601 1220 2681 exemplum,

235 2692 274 2753 de
305 2691 464 2755 fortunata
492 2693 554 2754 vita
584 2709 746 2773 pastorum
779 2693 815 2755 58
835 2715 894 2774 sq.:
925 2715 943 2755 ο
973 2692 1053 2756 bono
1078 2697 1222 2774 pastoris

234 2807 261 2848 e.
283 2807 315 2868 q.
334 2809 373 2866 s.;
409 2789 449 2850 ad
480 2788 588 2850 Palem
620 2788 715 2869 igitur
748 2787 879 2850 recurrit
909 2788 963 2868 qui
998 2789 1139 2851 dicturus
1174 2807 1221 2853 est

234 2881 404 2961 agrestium
426 2884 518 2944 bona.
559 2883 743 2945 sententiam
765 2883 1029 2964 recuperavimus,
1055 2885 1094 2947 de
1114 2887 1221 2947 verbis

235 2975 455 3038 dubitandum.
508 2996 621 3040 secura
653 2993 760 3039 autem
793 2978 982 3040 adiectivum
1016 2979 1117 3042 eicere
1151 3001 1220 3045 non

235 3070 435 3150 sustinemus,
457 3085 493 3132 ut
513 3071 600 3152 quod
615 3071 707 3134 nimis
721 3088 792 3153 apte
805 3093 839 3134 se
853 3073 1025 3154 coniungat
1037 3093 1111 3136 cum
1125 3077 1221 3138 bonis

236 3165 416 3246 agrestium,
431 3187 512 3248 quae
525 3167 630 3229 statim
641 3182 734 3247 poeta
749 3167 830 3229 dicat
843 3167 1001 3248 incognita
1013 3170 1098 3232 curc's
1112 3173 1151 3246 (v.
1158 3171 1218 3250 60).

236 3260 449 3340 periclitamur
469 3261 564 3342 igitur
584 3262 797 3324 coniecturam
818 3263 1019 3325 audaciorem
1043 3284 1140 3345 quam
1161 3283 1221 3346 pro

236 3355 330 3416 huius
351 3357 497 3418 carminis
516 3357 700 3438 integritate,
724 3357 882 3438 scripsisse
902 3373 1029 3438 poetam
1054 3358 1102 3422 ad
1121 3379 1220 3440 quam

235 3470 348 3513 secura
365 3451 505 3515 recurrit
521 3462 684 3533 agrestum
704 3453 784 3515 bona
804 3452 959 3529 dc'cttcrus;
978 3473 1082 3534 neque
1096 3451 1219 3533 impro-

237 3545 340 3606 babile
366 3562 411 3607 est
438 3548 482 3610 sic
508 3563 609 3610 ortam
637 3568 702 3610 esse
731 3551 950 3629 corruptelam,
981 3563 1016 3610 ut
1044 3565 1157 3611 secura
1183 3549 1218 3611 in

236 3649 370 3702 vcumru
390 3641 496 3715 abiret,
521 3642 634 3703 deinde
653 3662 766 3704 secura
790 3641 823 3703 in
844 3642 985 3723 margine
1006 3659 1220 3724 apponeretur
