2578 4242
214 335 251 394 53
570 330 832 378 comrmrsmvs

211 529 294 587 sunt,
314 515 340 574 si
360 529 444 576 recte
464 514 647 595 distinguas,
672 512 784 574 tradita
803 514 912 574 verba:
942 509 1036 574 aava
1054 508 1204 572 vibranti

212 619 353 689 carpens,
372 610 492 690 gravis
515 629 599 680 aere,
624 608 744 688 leigun
784 607 883 687 carpit
905 605 1007 678 obvia,
1031 620 1066 666 ut
1086 626 1115 666 v.
1142 605 1199 682 176

212 703 304 766 obvr'a
323 705 484 786 arrpiers
502 704 659 784 infrangit
699 722 828 782 serpens
852 717 958 763 autem
976 699 1096 781 granis
1119 719 1201 760 aere

213 797 328 860 dicitur
346 800 461 861 eodem
482 799 582 861 modo
596 817 662 879 quo
671 817 797 878 graves
814 796 925 858 miiore
941 793 1105 876 chepdras
1116 793 1200 855 Ver-

211 893 305 973 gilius
329 894 467 975 appellat
489 913 598 974 georg.
619 893 647 967 3,
665 894 734 970 415.
780 890 952 954 cavendnm
975 910 1015 952 ne
1038 887 1148 970 (puta)
1175 907 1200 948 a

210 988 403 1069 serpentibus
421 986 588 1068 adfleatrer,
608 1007 742 1067 mamm
761 985 840 1048 odor
859 995 925 1048 tam
940 982 1086 1065 pestilens
1098 993 1147 1046 est
1164 991 1203 1045 nt

211 1083 375 1145 irrterimat
399 1082 563 1143 mrirrersos
591 1081 772 1143 Columella
796 1081 824 1156 8,
858 1083 884 1156 5,
918 1081 967 1154 ι8;
1002 1077 1199 1152 (basiliscus)

212 1187 302 1240 necat
313 1177 460 1257 frutices,
486 1196 548 1237 non
571 1185 723 1238 cmtactos
744 1175 837 1237 mado
861 1194 974 1236 verum
996 1183 1028 1236 et
1050 1171 1205 1253 adflatos·

212 1272 323 1334 exurit
331 1271 458 1343 herbas,
478 1271 693 1351 rurapr'tsaxa
706 1270 827 1332 Plinius
840 1269 868 1347 8,
889 1269 927 1348 78
945 1267 1071 1348 (deinde
1085 1273 1202 1328 necant

211 1365 326 1442 odore),
344 1366 382 1429 τὸ
407 1366 438 1430 δ’
456 1367 527 1429 ἀπὸ
542 1367 638 1448 χροὸς
656 1366 781 1450 ἐχθρὸν
799 1367 895 1450 ἄηται
918 1363 1095 1426 Nicandrus
1116 1361 1198 1422 ther.

209 1480 265 1539 421
289 1461 338 1536 al,
363 1459 449 1521 velut
468 1460 532 1522 illis
554 1459 692 1525 Comitia
711 1460 869 1542 adflasset,
889 1460 981 1541 perer
1003 1455 1203 1538 serpmtibus

210 1556 307 1635 Afris
330 1555 489 1634 Horatius,
515 1572 550 1618 ut
575 1556 712 1618 aliorum
736 1572 903 1637 poetarum
933 1555 972 1617 de
997 1552 1201 1634 serpentibus

211 1652 300 1712 locos
321 1652 475 1728 omittam,
501 1653 588 1713 velut
607 1652 704 1714 Ovidi
724 1668 797 1714 met.
820 1653 847 1724 3,
866 1671 915 1730 49,
936 1649 1057 1712 Lucani
1077 1669 1105 1728 9,
1127 1648 1200 1726 679,

212 1745 269 1808 Sili
289 1745 318 1822 6,
343 1747 406 1826 187,
426 1747 504 1809 Stati
516 1747 620 1808 Theb.
636 1751 663 1825 5,
679 1750 743 1824 527.
783 1747 838 1808 sed
859 1766 907 1808 res
922 1745 1053 1806 minime
1072 1743 1201 1824 ignota3

212 1841 384 1903 locutionis
397 1843 503 1922 potius
517 1843 662 1923 exempla
675 1861 816 1922 quaeras,
838 1862 901 1923 qua
914 1840 1056 1904 animalis
1070 1837 1202 1919 spiritus

212 1953 266 1996 aer
286 1953 424 1998 vocetur.
477 1937 590 2024 Graeci
618 1937 749 2018 quidem
773 1936 817 1999 sic
847 1936 937 2017 loqui
966 1949 1109 2016 possunt:
1139 1933 1202 1996 τὸν

211 2029 291 2114 ἀέρα
312 2031 491 2113 ἐκπέμπειν
519 2031 675 2112 Epicurus
695 2033 735 2112 (p.
754 2051 800 2111 27,
821 2051 839 2110 7
860 2032 935 2110 Vs),
960 2029 1074 2092 latinus
1093 2028 1202 2090 homo

211 2142 317 2184 aerem
338 2145 370 2186 se
391 2125 533 2187 emittere
548 2145 606 2207 pro
622 2127 733 2207 spiritu
754 2146 820 2188 non
839 2126 928 2188 facile
942 2125 1061 2202 dixerit,
1082 2142 1202 2204 quam-

211 2217 258 2278 vis
279 2237 374 2298 parva
393 2220 433 2280 sit
458 2235 488 2281 et
513 2235 624 2299 poetae
652 2241 800 2284 concessa
821 2221 1033 2303 metonymiae
1054 2217 1202 2296 audacia,

212 2313 250 2374 cf.
272 2313 386 2376 Cicero
407 2314 446 2376 de
467 2331 529 2376 nat.
550 2316 634 2378 deor.
655 2335 683 2394 2,
708 2317 742 2378 18
762 2316 804 2378 ab
823 2337 899 2378 aere
917 2336 953 2378 eo
972 2334 1062 2396 qima
1080 2311 1203 2393 spirae

211 2406 361 2488 marnas,
382 2409 457 2473 Stat
471 2409 575 2472 Theb.
592 2430 634 2486 12,
649 2430 705 2488 712
725 2410 865 2492 dirisque
877 2409 1046 2491 vaporibus
1059 2425 1200 2488 aegram
1276 2407 1277 2436 l

211 2522 292 2564 aera
302 2538 339 2548 -
351 2503 471 2567 manas.
492 2505 547 2567 sed
559 2505 682 2568 homini
693 2505 882 2587 Epicuream
893 2505 1068 2568 doctrinam
1078 2501 1199 2565 edocto

210 2596 400 2679 Lucretique
426 2600 546 2676 lectori,
575 2602 702 2681 qualem
727 2601 906 2662 invenimus
937 2616 967 2664 et
996 2597 1201 2662 inveniemus

211 2691 297 2752 hunc
317 2708 454 2772 poetam,
479 2715 518 2756 ne
544 2697 713 2758 locutionis
734 2695 864 2776 quidem
884 2694 1009 2758 licentia
1028 2693 1200 2754 videbatur

210 2804 316 2846 aerem
346 2806 405 2867 pro
435 2789 547 2868 spiritu
577 2810 704 2870 ponere.
756 2792 847 2853 Lucr.
871 2810 900 2869 4,
924 2790 982 2869 937
1012 2786 1200 2850 narrarem

209 2879 304 2941 atram
320 2891 446 2961 partem
465 2885 658 2964 spirantibus
683 2907 742 2947 aar
761 2886 912 2948 verberat
931 2884 983 2948 tic
1007 2883 1096 2956 rilem,
1121 2899 1199 2944 cum

209 2973 332 3036 drnr'tm
344 2985 436 3058 atque
447 2978 593 3060 reflatur,
615 2981 640 3058 3,
660 3000 708 3041 121
732 2999 801 3043 cnm
814 2990 949 3060 corpora
957 2991 1063 3062 panca
1076 2977 1198 3042 caloris

209 3067 365 3150 diffingere
375 3071 535 3154 serasque
547 3084 610 3154 per
630 3095 665 3136 os
683 3085 731 3138 est
747 3075 846 3139 edr'tus
864 3096 931 3138 aer.
973 3076 1075 3139 multo
1095 3066 1198 3137 auda-

209 3163 275 3226 cius
295 3165 420 3228 locutus
441 3184 487 3230 est
506 3169 601 3231 Silius
621 3170 697 3231 item
722 3171 755 3232 in
781 3170 932 3251 serpentis
958 3190 1064 3252 pugna
1084 3170 1113 3242 6,
1133 3174 1195 3249 275

208 3259 274 3322 iarn
292 3261 415 3341 pana's
435 3273 525 3327 vasta
547 3264 605 3328 sub
628 3265 757 3328 vulnere
771 3265 924 3346 sancrbrs
948 3286 1008 3327 aar
1033 3263 1196 3346 tabificam

207 3356 337 3435 expirat
355 3359 486 3432 sanam,
510 3359 631 3422 saara
655 3360 774 3434 ultima,
800 3362 924 3441 iamque
948 3359 1068 3442 ingenti
1088 3359 1196 3423 canda

207 3458 238 3512 et
255 3450 366 3514 iaculis
385 3462 417 3515 et
429 3453 568 3535 pandere
586 3456 669 3518 conti
686 3455 904 3528 lraeretltnmi
925 3455 1068 3535 lassoque
1088 3463 1196 3516 tamen

206 3545 372 3610 minitatur
391 3549 490 3622 hiatu,
515 3567 612 3628 quem
638 3551 747 3612 locum
771 3565 874 3612 totum
899 3549 1045 3631 exscripsi
1071 3565 1106 3610 ut
1125 3568 1195 3610 ser-

206 3641 311 3702 monis
331 3642 467 3704 formam
481 3642 677 3706 restituerem
699 3644 827 3721 (scelera
842 3645 978 3726 exempli
991 3663 1083 3708 causa
1098 3646 1194 3725 posui
