2600 4242
487 313 532 358 AD
548 313 574 360 V.
597 313 699 372 139-156
1048 315 1082 376 55

91 495 269 573 hibuerim,
281 494 434 575 quoniam
445 495 575 576 copulae
587 494 792 556 omissionem
803 493 993 574 excerptoris
1008 513 1085 556 con-

90 590 207 652 silium
227 589 399 670 flagitabat;
420 589 569 670 qmrulas
588 610 616 650 v.
636 592 684 652 151
708 589 775 651 sine
789 588 971 652 necessitate
984 590 1082 669 vulgo
1097 612 1137 660 111

90 685 255 764 scribitur,
270 685 308 745 cf.
319 684 360 746 ad
370 706 398 746 v.
409 687 471 746 131.
502 703 652 746 versuum
662 700 769 746 autem
781 683 927 746 ordinem
936 684 1038 765 qualis
1052 683 1085 744 in

92 780 253 860 excerptis
273 779 520 860 deprehenditur
540 799 606 841 non
621 781 792 861 sequemur
812 778 871 840 nisi
890 778 1010 840 ratione
1031 799 1085 840 co-

92 890 204 956 gente,
225 873 398 936 testimonii
417 874 490 936 loco
504 875 596 936 illum
610 894 676 936 non
692 873 889 936 habebimus.
929 873 1086 936 ordinavit

93 969 198 1051 igitur
222 969 380 1050 Hauptius
410 969 586 1031 secundum
617 985 761 1050 excerpta
790 989 899 1031 versus
923 969 1163 1048 146-149116η

95 1085 165 1146 qua
185 1063 306 1126 ratione
327 1080 399 1145 post
418 1067 546 1127 arbores
567 1065 638 1127 fons
659 1065 854 1143 describitur,
879 1064 993 1126 deinde
1013 1085 1085 1126 aves

95 1179 197 1221 ranae
217 1159 297 1222 echo
319 1160 452 1239 cicadae,
477 1175 552 1241 apto
579 1160 700 1234 ordine,
726 1159 782 1242 qui
803 1161 1019 1222 commendari
1039 1161 1085 1222 vi-

97 1257 214 1317 deatur
238 1255 340 1317 verbis
364 1253 415 1318 ln's
437 1253 569 1318 suberat
585 1289 624 1302 —
643 1255 738 1329 unda,
769 1256 935 1318 arboribus
959 1255 1085 1318 scilicet.

95 1350 158 1412 sed
178 1366 290 1430 poetae
311 1349 478 1412 consilium
499 1350 532 1412 in
553 1370 592 1412 eo
613 1351 849 1432 deprehendere
864 1352 943 1413 mihi
963 1352 1083 1430 videor,

95 1446 190 1526 quod
214 1445 379 1508 arboribus
405 1446 509 1508 statim
535 1447 624 1527 quasi
649 1447 784 1508 accessio
805 1467 877 1509 aves
903 1448 1084 1526 adhaerent,

94 1540 215 1602 deinde
245 1560 326 1620 aqua
357 1556 552 1604 memoratur
586 1543 704 1623 (neque
740 1544 913 1604 obscurum
944 1559 989 1605 est
1019 1563 1084 1623 quo

93 1651 217 1717 spectet
235 1635 286 1698 hit
305 1652 377 1716 post
396 1636 537 1699 veheres
557 1636 675 1717 pamla&
697 1637 866 1699 residentes
885 1636 1013 1714 ramis),
1045 1636 1085 1698 ad

95 1751 198 1812 quam
219 1749 312 1793 ranae
332 1732 489 1812 pertinent
508 1732 619 1794 nantia
642 1731 717 1794 limo
736 1742 871 1812 corpora
896 1731 981 1808 (item
1001 1731 1085 1791 Bue-

96 1827 244 1888 chelerus
269 1846 300 1907 p.
319 1827 396 1906 328),
426 1844 461 1889 ut
486 1847 594 1889 rursus
619 1827 765 1907 strepitus
790 1845 940 1889 somnum
966 1826 1085 1888 scilicet

97 1921 260 1984 invitantis
281 1922 371 1998 (Hor.
393 1922 486 2002 epod.
508 1943 535 2001 2,
557 1923 794 2001 281memione
820 1921 933 1983 iniecta
953 1921 1033 1983 echo
1055 1936 1086 1983 et

97 2015 225 2102 cicadae
244 2016 409 2080 addantur.
433 2053 470 2062 —
496 2038 525 2079 v.
551 2035 605 2097 149
632 2018 797 2098 quomodo
822 2026 894 2079 orta
919 2016 1137 2097 expediamus

97 2131 166 2174 non
187 2112 299 2189 habeo,
320 2113 493 2193 probabilis
515 2128 560 2175 est
580 2113 613 2174 in
626 2111 784 2176 Vossiano
804 2111 985 2174 emendatio
998 2121 1086 2183 acta;

96 2207 260 2288 lt'quorum
280 2206 437 2288 Hauptius
459 2207 646 2279 emendavit,
673 2207 757 2270 idern
781 2209 815 2269 in
835 2206 1085 2287 Cantabrigiensi

95 2302 250 2384 scripturn
276 2301 389 2382 primo,
422 2301 552 2366 fortasse
580 2302 720 2366 fortuitu.
770 2313 843 2365 orta
872 2319 902 2364 et
932 2301 1085 2382 lt'qttorem

96 2417 173 2460 cum
194 2396 282 2458 libris
309 2397 403 2459 etiam
424 2414 569 2477 excerpta
590 2399 749 2478 praebent.
790 2396 912 2458 levibus
932 2395 1028 2476 igitur
1047 2393 1084 2455 li-

96 2511 239 2574 quorum
259 2491 333 2554 rivis
354 2508 421 2554 acta
442 2493 528 2554 unda
548 2493 708 2573 placidum
730 2506 828 2554 sonat.
874 2489 1003 2571 pluralis
1024 2507 1083 2550 nu·
1129 2505 1134 2514 ·

98 2607 207 2650 merus
236 2587 318 2650 rabit
347 2588 398 2650 hic
429 2588 549 2650 nemini
575 2586 805 2649 dubitationem
838 2586 945 2658 movit,
976 2584 1083 2645 multis

96 2684 184 2746 idern
205 2683 237 2744 in
257 2682 378 2744 Tibulli
398 2703 491 2744 versu
517 2705 540 2762 1,
566 2704 588 2761 1,
611 2703 647 2760 27
674 2680 732 2745 sub
751 2679 867 2743 umbra
891 2678 1020 2742 arbort's
1039 2677 1087 2740 ad

97 2779 186 2843 renos
211 2779 442 2858 praetereuntes
471 2797 581 2860 aquae.
636 2777 787 2839 nimirum
818 2775 1011 2838 vocabulum
1043 2774 1082 2834 ad

97 2889 199 2936 certae
214 2873 259 2934 rei
279 2873 524 2954 appellationem
539 2893 598 2934 usu
615 2873 805 2954 perductum
820 2871 932 2953 plurali
947 2887 1084 2932 numero

96 2967 237 3048 positum
258 2967 439 3048 primariam
464 2968 569 3048 stirpis
590 2968 755 3030 notionem
776 2967 948 3046 reciperare
972 2979 1084 3047 potest,
1154 2977 1159 2986 ⁴

97 3079 132 3124 ut
152 3061 271 3124 faciunt
290 3064 436 3137 verbera,
455 3083 544 3126 voces
564 3079 594 3124 et
613 3084 641 3124 v.
658 3063 710 3124 182
732 3081 812 3143 quos
833 3063 896 3124 fere
917 3080 983 3125 non
1003 3059 1082 3121 tole-

97 3174 167 3220 rant
190 3155 328 3238 spiritus.
378 3179 406 3220 V.
432 3160 483 3221 153
515 3159 634 3221 ardore
659 3158 698 3220 ad
728 3159 916 3220 adiectivum
948 3154 1082 3237 pertinet
1094 3169 1134 3216 tta

97 3253 248 3334 impedita
274 3273 380 3314 rursus
406 3249 627 3330 collocatione3
658 3253 782 3315 cicadae
811 3254 922 3314 ardore
953 3264 1082 3330 argutae

97 3363 179 3427 sunt,
200 3367 281 3428 quae
300 3347 376 3409 solis
396 3363 482 3410 aestu
504 3349 648 3410 incitatae
673 3367 783 3410 canere
804 3349 933 3410 soleant.
974 3352 1082 3406 cuncta

98 3444 135 3506 cf.
157 3442 196 3504 ad
217 3464 244 3505 v.
264 3442 326 3503 168.
353 3477 389 3488 -
416 3465 444 3504 v.
470 3445 523 3505 156
543 3445 644 3523 poscit
666 3443 823 3522 eleganter
847 3442 996 3523 positum,
1025 3438 1081 3500 sed
1094 3457 1134 3502 tat

97 3538 281 3615 insolenter,
301 3538 381 3599 solet
401 3537 445 3599 sic
464 3537 645 3619 postulandi
665 3539 762 3598 verbo
783 3537 913 3598 Plautus
933 3537 987 3598 uti.

175 3633 241 3696 lam
261 3633 361 3712 ipsam
383 3629 530 3694 fabellam
549 3651 674 3694 narrare
700 3631 818 3712 incipit,
844 3629 951 3694 multis
975 3629 1158 3697 verbisutsr.
