2600 4242
502 353 547 398 ΑΙ)
563 355 589 398 V.
604 357 681 400 22-28
1043 357 1077 416 33

96 536 179 599 melei
196 535 353 605 addidisti,
375 535 522 596 Manilius
543 557 566 608 1,
587 555 605 601 7
625 535 707 598 bunc
725 535 806 598 mebi
823 545 864 609 tn,
889 535 1020 613 Caesar,
1040 573 1078 582 -

95 631 157 694 das
181 630 321 693 euentum
347 628 490 709 viresque
505 631 595 709 facis
619 630 666 692 ad
687 638 774 692 tanta
793 630 940 693 caetemla.
982 651 1079 693 unam

95 727 194 808 igitur
219 740 403 805 corruptum
429 724 592 804 epitheton
620 725 736 806 patitur
766 724 1030 802 emendationem,
1061 747 1079 787 a

96 822 254 884 librorum
269 819 424 882 memoria
437 839 504 882 non
518 821 613 900 longe
627 834 796 882 remotam:
811 818 863 883 cai
864 820 964 898 fretis
976 820 1079 882 oritur

87 915 216 997 fiducia
235 914 361 977 chartis.
403 930 497 993 atque
519 913 615 975 dandi
636 933 743 976 casum
762 932 835 976 cum
849 914 912 976 hoc
925 914 1079 976 adiectivo

97 1011 306 1073 coniunctum
337 1010 424 1090 quod
455 1029 471 1070 e
503 1009 594 1070 Livio
628 1024 750 1070 tantum
781 1023 948 1072 enotavere
975 1029 1079 1089 gram-

96 1105 214 1182 matici⁷
246 1105 344 1166 multa
374 1105 434 1166 alia
464 1104 496 1165 in
527 1105 589 1165 hoc
618 1103 756 1166 carmine
787 1124 804 1165 a
830 1104 994 1166 communi
1020 1124 1079 1166 usu

96 1200 246 1262 recedere
259 1199 403 1262 videmus
418 1214 448 1261 et
462 1199 648 1260 videbimus.
689 1215 856 1280 sequentes
869 1218 977 1260 versus
991 1199 1079 1279 quod
1091 1215 1158 1260 toas

96 1295 219 1356 exitum
245 1314 351 1356 errore
377 1294 423 1355 bis
450 1293 589 1374 positum
615 1308 645 1354 et
672 1294 769 1354 altero
790 1308 914 1356 remoto
935 1294 1080 1355 lacunam

96 1392 249 1471 praebent
271 1389 319 1468 (cf.
335 1390 400 1450 281.
417 1389 473 1467 3¹9
497 1403 527 1450 et
548 1407 573 1450 e.
588 1409 617 1468 g.
633 1388 735 1449 Plauti
748 1387 930 1450 Trinummi
950 1407 1023 1467 1¹74
1032 1388 1081 1467 B),

95 1501 216 1546 temere
230 1484 375 1546 videmus
396 1486 435 1545 ab
450 1483 624 1544 editoribus
638 1483 778 1564 priorem
792 1502 919 1544 versum
935 1483 1080 1560 mutilari,

94 1581 233 1641 alterum
254 1578 389 1658 relinqui
410 1578 575 1653 intactum;
605 1594 733 1656 temere,
759 1577 916 1658 siquidem
941 1579 985 1640 sic
1010 1589 1080 1640 rnu-

94 1675 192 1736 tanda
220 1689 285 1736 erat
311 1674 422 1736 tradita
447 1674 645 1754 pronominis
672 1674 773 1735 forma
798 1693 889 1736 versu
914 1674 951 1734 28
984 1674 1081 1750 (uisu

95 1770 183 1832 Iovis
212 1769 382 1849 Rboetique
416 1769 501 1831 canit
533 1788 593 1830 nan
622 1767 746 1848 pagina
776 1768 902 1840 bellum,
937 1767 1081 1848 Phlegra

101 1865 256 1945 Gigantea
269 1873 384 1944 sparsa
397 1874 515 1944 estque
525 1862 676 1942 sanguim
689 1861 778 1926 tellus
791 1877 826 1924 ut
836 1865 933 1943 vulgo
947 1863 1080 1943 legitur).

97 1959 187 2040 quod
208 1975 386 2039 pronomen
408 1959 512 2038 ipsum
534 1977 592 2018 nos
611 1956 704 2018 docet
718 1977 783 2037 quo
797 1957 973 2037 pertineant
986 1960 1081 2019 verba

96 2055 147 2116 bis
173 2053 294 2135 scripta.
340 2051 429 2134 quod
453 2053 480 2113 si
504 2067 648 2114 tenemus
673 2051 731 2114 tibi
752 2073 886 2133 namque
912 2052 998 2114 canit
1021 2074 1081 2116 nan

91 2149 218 2230 pagiua
242 2147 355 2210 bellum
379 2148 467 2210 truite
493 2145 584 2220 Iovis,
616 2163 733 2228 quanto
757 2147 859 2228 aptius
889 2149 985 2210 verba
1008 2163 1081 2209 sunt

96 2243 282 2324 composita.
323 2241 432 2323 incipit
457 2243 546 2322 quasi
571 2261 638 2304 rem
663 2242 763 2322 ipsam
788 2243 1006 2306 enuntiaturus
1027 2243 1084 2306 tibi

95 2359 233 2418 uanique
245 2337 336 2410 canit,
356 2337 457 2419 pergit
471 2336 560 2417 quasi
573 2337 769 2400 ludibundus
783 2337 835 2399 ille
859 2341 918 2404 abu
940 2341 1081 2423 ἄργυρον

94 2433 249 2520 πορεύσας
268 2437 425 2516 'Hismara‘
446 2457 502 2519 por
529 2439 669 2517 ποίησον
699 2434 888 2507 πανοπλίας
914 2435 972 2515 μὲν
995 2435 1079 2514 οὐχί,

95 2528 195 2608 igitur
224 2542 346 2590 tantum
375 2527 507 2590 subiecti
538 2528 737 2608 hyperbaton
762 2527 796 2589 lit
827 2527 946 2606 (durius
972 2548 1001 2587 v,
1024 2528 1080 2606 30).

95 2622 212 2686 bellum
234 2623 318 2684 laves
341 2622 563 2703 supplemento
591 2642 657 2683 non
685 2637 768 2702 eget,
799 2623 921 2684 celebre
947 2622 1025 2683 illud
1049 2638 1080 2684 et

95 2736 199 2780 unum
221 2717 303 2778 lovis
323 2717 443 2779 bellum
467 2733 577 2798 sponte
602 2716 801 2798 intellegitur,
828 2717 865 2778 cf.
887 2716 983 2779 Ovidi
1003 2719 1078 2779 trist

95 2835 124 2891 2,
146 2815 185 2892 69
195 2814 295 2892 fama
317 2811 388 2874 lavi
397 2822 543 2893 superest,
564 2823 667 2874 tamen
680 2812 762 2874 bunc
779 2831 839 2873 sua
849 2812 945 2890 facta
961 2813 1083 2893 referri

94 2919 182 2971 etse
205 2906 373 2970 materiam
397 2906 550 2968 carminis
573 2927 639 2968 esse
663 2906 757 2980 iuvat,
783 2926 911 2987 euntque
935 2908 1083 2988 Gigantei

93 3011 314 3066 memorantur
328 2991 453 3080 proelia
474 3001 553 3074 belli,
574 3000 720 3064 credibile
739 3011 786 3064 est
803 3001 917 3064 laetum
935 3002 1080 3065 laudibus

94 3117 164 3160 esse
182 3097 260 3170 suis;
282 3096 402 3158 bellum
422 3097 539 3158 scilicet
554 3097 636 3158 lovis
650 3097 735 3160 clari
750 3098 901 3178 Gigantea
914 3097 1079 3177 triumplu,

94 3208 132 3254 ut
157 3190 263 3272 gentis
293 3191 470 3271 Aquitanae
499 3190 617 3253 celeber
645 3191 799 3254 Messalla
830 3191 1009 3271 triumphas,
1046 3207 1080 3253 ut

95 3286 238 3350 Pollioni
272 3285 385 3348 laurus
419 3296 561 3348 aeternos
594 3286 727 3348 bonores
756 3286 931 3350 Dalmatica
958 3285 1083 3364 peperit

94 3380 264 3460 triumplu,
290 3396 324 3441 ut
350 3381 388 3441 de
414 3401 473 3442 suo
498 3381 582 3442 bello
607 3380 741 3442 Ovidius
767 3382 907 3462 loquitur
931 3399 1029 3440 amor.
1052 3400 1078 3456 2,

99 3497 144 3554 ra,
175 3495 222 3554 173
253 3491 347 3555 atque
378 3477 497 3538 accedit
523 3491 557 3536 ut
582 3495 707 3556 pugnae
737 3475 834 3556 ipsius
865 3475 1011 3537 adiuncta
1041 3475 1079 3537 sit

94 3571 227 3634 mentio.
261 3570 408 3652 ponetque
428 3586 544 3646 autem,
566 3571 653 3650 quod
674 3571 746 3652 libri
767 3571 926 3648 exhibenq
944 3591 1018 3632 sane
1039 3571 1078 3632 ad

93 3687 164 3729 rem
185 3667 341 3747 pertinere
355 3682 458 3746 potest
475 3687 510 3728 ac
524 3667 584 3727 tale
598 3667 769 3728 sententiae
783 3685 897 3745 genus:
918 3665 975 3728 tibi
991 3687 1077 3729 nam-

906 3779 919 3831 3
