2600 4242
520 355 703 404 enarratio
1063 377 1095 422 2,

118 537 292 600 audacibus
325 537 511 600 correcturis
540 536 762 618 interpolatam
796 557 899 620 neque
930 539 1100 621 quicquam

120 632 197 694 utile
224 633 352 714 praebet
376 648 499 713 praeter
523 631 731 710 coniecturas3
765 632 820 694 sed
844 633 876 694 in
901 634 1011 697 ultima
1035 654 1101 697 car-

119 727 214 789 minis
248 741 335 808 parte
356 727 516 808 exemplar
536 726 602 788 eius
621 727 739 789 variam
759 727 928 790 lectionem
955 729 1100 792 habuisse

117 822 244 884 videtur
270 841 307 884 ex
333 821 509 903 fragmento
534 821 651 884 codicis
678 841 763 884 nunc
791 823 897 886 amissi
926 825 1100 905 ascriptam,

117 937 182 998 qua
204 917 242 979 de
263 936 296 978 re
315 916 497 997 explicatius
517 917 666 979 disseram
686 917 726 979 ad
747 937 774 978 v.
792 918 857 980 318.

198 1011 250 1073 Me
280 1011 320 1073 ad
351 1031 477 1074 carmen
503 1010 541 1073 de
568 1011 667 1073 culice
697 1012 870 1074 accuratius
902 1012 1100 1075 tractandum

117 1126 186 1168 non
200 1106 297 1167 virtus
311 1122 422 1187 poetae
437 1106 563 1186 allicuit,
582 1107 638 1170 etsi
653 1108 743 1189 plura
758 1107 790 1168 in
806 1127 844 1169 eo
859 1106 1015 1169 laudanda
1028 1123 1101 1170 sunt

117 1221 215 1282 quam
237 1201 417 1264 criticorum
439 1202 534 1263 fastus
553 1202 727 1265 concedere
741 1202 829 1279 solet,
850 1201 914 1274 sed,
935 1217 970 1264 ut
990 1202 1101 1265 accidit

117 1296 300 1378 philologis,
311 1295 479 1358 difficultas
490 1297 643 1359 sermonis
655 1313 685 1360 et
695 1297 877 1379 proprietas.
891 1317 965 1358 sane
976 1296 1101 1358 nullum

120 1391 197 1453 novi
218 1410 345 1452 carmen
365 1389 498 1452 latinum
519 1391 606 1473 quod
627 1391 666 1453 ad
681 1391 929 1472 intellegendum
944 1389 1101 1453 difficilius

118 1485 167 1562 sit,
189 1505 255 1547 non
275 1485 344 1566 ipso
366 1485 531 1566 Propertio
553 1503 695 1568 excepto,
720 1486 810 1549 cuius
834 1506 908 1548 sane
930 1485 1102 1547 obscuritas

116 1601 227 1643 causas
257 1581 352 1643 habet
381 1581 520 1643 multum
544 1601 562 1643 a
587 1582 706 1644 Culicis
737 1581 925 1644 obscuritate
952 1580 1102 1655 diversas3

116 1675 208 1737 cuius
240 1691 349 1737 auctor
376 1691 411 1738 ut
441 1691 506 1738 erat
535 1676 626 1758 inops
655 1678 827 1738 verborum
858 1675 1102 1737 laboriosissime

117 1771 215 1831 verba
230 1769 331 1851 elegit,
346 1769 551 1833 audacissime
564 1771 752 1852 composuit,
766 1769 931 1833 artificiose
946 1769 1100 1850 figuravit.

119 1864 311 1946 proprietate
326 1879 432 1927 autem
449 1866 603 1927 sermonis
617 1865 712 1946 longe
727 1865 819 1927 distat
832 1884 850 1926 a
864 1864 986 1946 magnis
999 1864 1100 1946 poetis

116 1973 148 2022 et
168 1959 343 2022 litterarum
365 1959 617 2022 dominatoribus
638 1960 706 2039 illis,
728 1960 783 2041 qui
804 1959 837 2021 in
857 1957 980 2039 fastigio
996 1956 1100 2019 latini-

116 2053 187 2117 tatis
212 2055 306 2136 positi
330 2054 390 2117 soli
414 2055 508 2118 latine
534 2055 623 2135 loqui
648 2053 831 2117 hominibus
855 2052 1099 2135 elegantioribus

114 2149 276 2226 videntur3
307 2150 359 2212 ille
389 2150 491 2213 aliena
520 2151 616 2212 habet
641 2170 659 2212 a
683 2149 806 2232 poetica
832 2148 1007 2211 urbanitate
1032 2168 1098 2211 non

115 2244 264 2325 pauciora
279 2264 374 2325 quam
388 2265 407 2307 a
420 2245 556 2326 pedestri
570 2245 744 2307 urbanitate
755 2244 864 2307 Varro.
905 2243 979 2305 artis
992 2258 1098 2305 autem

114 2358 192 2401 cura
222 2355 252 2402 et
281 2338 442 2402 severitate
472 2340 655 2402 antecedere
685 2340 831 2402 studebat
856 2338 951 2401 etiam
976 2337 1098 2399 nobiles

115 2448 232 2512 poetas,
253 2449 288 2495 ut
308 2434 490 2516 Lygdamus
509 2435 614 2516 ipsum
629 2435 804 2513 Tibullum,
826 2433 985 2496 doctrinae
1006 2432 1098 2494 variis

115 2526 215 2607 copiis
242 2544 389 2591 ornatum
414 2544 449 2591 ut
472 2530 650 2612 splenderet
675 2549 756 2611 opus
780 2530 940 2592 sollertem
967 2547 1097 2608 operam

114 2622 218 2686 dabat.
250 2624 342 2686 nobis
361 2640 452 2701 certe,
474 2625 530 2706 qui
543 2644 609 2687 non
622 2643 761 2687 summas
779 2639 902 2701 tantum
922 2622 978 2684 sed
991 2621 1097 2684 inferi-

113 2735 187 2778 ores
208 2737 336 2800 quoque
357 2719 532 2783 litterarum
556 2720 701 2803 regiones
723 2719 904 2801 perquirere
924 2717 1095 2794 studemus,

115 2812 223 2893 magni
244 2815 334 2893 pretii
355 2829 400 2877 est
419 2815 476 2878 iste
490 2816 608 2897 ingenii
622 2814 800 2891 mediocris,
821 2811 919 2874 animi
939 2812 1096 2893 diligentis

113 2905 234 2970 fructus
255 2929 292 2971 ex
313 2910 433 2991 ingenti
445 2910 556 2974 talium
571 2912 700 2973 lusuum
714 2909 805 2990 copia
818 2923 970 2984 servatus3
991 2923 1095 2971 osten-

112 3001 161 3063 dit
181 3003 266 3065 enim
288 3021 403 3085 quanta
427 3019 493 3068 arte
517 3004 611 3068 etiam
635 3005 817 3067 ludentibus
842 3022 923 3083 opus
950 3002 1095 3065 fueritin

111 3097 171 3160 ista
191 3099 263 3160 artis
284 3099 476 3181 perfectione
503 3115 534 3162 et
558 3100 667 3182 gloria.
706 3119 819 3162 verum
842 3113 877 3160 ut
897 3117 1023 3160 carmen
1044 3098 1094 3159 edi

109 3194 193 3256 solet
213 3194 335 3256 levibus
356 3195 542 3258 coniecturis
560 3195 752 3277 perpolitum
773 3207 803 3256 et
823 3192 1003 3273 levigatum,
1025 3212 1094 3255 om·

111 3308 187 3350 nem
213 3289 277 3351 fere
302 3290 437 3371 perdidit
462 3290 622 3372 propriam
648 3289 798 3352 indolem.
840 3306 954 3368 nempe
981 3287 1093 3349 indea

108 3384 238 3446 saeculo
253 3385 321 3448 XV.
343 3405 444 3467 usque
465 3385 504 3447 ad
523 3384 730 3447 novissimum
745 3383 899 3446 editorem
920 3383 959 3444 de
973 3382 1092 3463 Vergili

110 3479 304 3541 carminibus
334 3481 458 3562 egregie
489 3480 637 3542 meritum
661 3479 860 3560 interpolatio
885 3477 1044 3540 arbitraria
1074 3498 1091 3540 a

108 3575 185 3637 viris
217 3575 317 3638 doctis
343 3591 373 3637 et
398 3575 584 3638 doctissimis
609 3593 738 3656 quoque
768 3573 907 3654 profecta
930 3573 1089 3654 pristinam

109 3672 258 3735 carminis
277 3671 414 3751 speciem
429 3671 544 3734 fucavit
564 3685 594 3734 et
615 3669 810 3732 oblitteravit.
848 3669 913 3751 ipse
935 3669 1091 3749 Hauptius
