2578 4242
483 320 528 365 AD
543 320 569 365 V·
582 321 688 380 ass-3⁶9
1023 322 1074 382 103

94 522 124 576 2,
150 502 214 582 169)
246 517 367 583 praeter
392 501 540 564 Horatios
565 501 712 565 Curtium
732 501 916 565 Scaevolam
942 501 1076 565 Curium

94 595 163 676 (sed
184 597 278 658 habet
292 596 493 675 Fabricium),
514 611 543 657 et
557 596 672 658 Decios
693 596 823 678 quidem
842 596 876 658 in
896 595 985 659 initio
1006 612 1077 678 post

94 711 187 772 reges
202 706 232 752 et
246 692 390 768 Brutum,
411 689 526 753 Fabios
540 691 573 752 in
587 689 659 767 line,
680 690 847 773 exquibus
862 706 1077 753 cunctatorem

95 787 251 863 nominat,
276 785 328 848 ille
348 799 504 848 trecentos
528 785 599 848 illos
624 786 657 847 in
680 786 788 849 animo
808 786 924 848 habere
943 786 1076 850 videtur.

94 883 154 944 sed
175 899 270 962 quam
296 879 394 942 facilis
419 879 511 943 fuerit
536 881 645 944 talium
668 881 836 944 nominum
858 880 979 954 electi0,
1000 881 1077 944 alio-

95 995 170 1038 rum
205 990 370 1056 poetarum
404 975 466 1038 loci
501 977 614 1038 docere
645 992 778 1057 possunt
813 975 900 1042 ,vetut
933 976 1078 1057 Properti

95 1072 137 1150 (3,
161 1071 187 1148 3,
208 1089 226 1150 7
246 1089 306 1150 sq.:
331 1089 374 1146 11,
397 1072 433 1150 59
453 1071 509 1152 sq.)
530 1070 641 1132 Manili
661 1073 699 1150 (r,
720 1090 776 1151 777
797 1073 853 1154 sq.)
874 1086 905 1134 et
924 1070 1077 1134 curiosius

98 1165 243 1246 eligentis
270 1163 382 1252 Horati
413 1165 454 1242 (c.
481 1185 503 1240 1,
529 1167 591 1245 η),
621 1167 672 1228 vel
697 1164 860 1232 Ciceronis
889 1165 933 1244 (in
958 1165 1019 1227 Pis.
1042 1166 1078 1226 58

93 1281 114 1323 o
134 1258 243 1325 smltos
260 1257 411 1325 Camillos
432 1257 548 1324 Curios
560 1259 725 1324 Fabricios
740 1261 903 1327 Calatinos
920 1258 1079 1341 Scipiones

95 1354 271 1419 Marcelhs
289 1353 472 1432 Maximos),
493 1354 598 1417 Valeri
618 1355 758 1434 Maximi,
783 1355 927 1418 aliorum.
974 1375 1077 1436 neque

98 1449 256 1512 dubitatio
277 1464 321 1512 est
341 1449 401 1511 nisi
421 1449 501 1511 forte
523 1448 562 1513 de
576 1449 723 1530 Camillo,
744 1450 834 1513 cuius
855 1471 974 1515 nomen
994 1466 1077 1514 certa
1090 1463 1129 1511 363

95 1544 320 1609 emendatione
341 1542 473 1606 restituit
493 1545 633 1608 Bembus
653 1546 702 1624 (cl.
723 1545 817 1626 Verg.
834 1545 862 1624 6,
882 1546 949 1624 825,
969 1566 1076 1628 georg.

97 1662 126 1719 2,
153 1641 216 1720 169,
236 1639 344 1702 Manil.
364 1659 386 1711 1,
407 1638 485 1718 784),
506 1658 580 1700 cum
599 1638 688 1702 nielli
704 1639 817 1722 integri
836 1640 962 1704 codices
981 1642 1078 1702 habe-

94 1751 166 1814 ant,
195 1733 314 1798 metelli
340 1731 526 1812 Vossianus,
562 1753 627 1816 quo
657 1734 851 1814 probabilius
881 1735 934 1798 fiat
964 1735 1078 1798 eodem

97 1849 192 1892 versu
212 1827 370 1891 moritura
390 1827 587 1891 coniecturae
609 1827 695 1890 docti
714 1828 853 1892 hominis
874 1829 990 1893 deberi.
1031 1829 1079 1892 ni-

96 1925 218 1987 mirum
234 1923 272 1986 de
289 1944 354 2007 quo
370 1943 436 1986 uno
452 1922 582 2004 cogitari
595 1938 699 2003 potest
716 1923 751 1986 L.
766 1924 922 1987 Caecilius
932 1925 1078 1987 Metellus

98 2020 162 2097 ille,
192 2020 248 2100 qui
277 2019 397 2102 primus
427 2018 610 2099 elephantos
640 2038 678 2080 ex
707 2017 812 2098 primo
842 2019 963 2082 Punico
993 2020 1078 2082 bello

96 2114 190 2177 duxit
208 2114 241 2176 in
261 2113 434 2194 triumpho,
465 2112 504 2174 de
535 2132 600 2193 quo
626 2133 663 2176 ex
689 2112 747 2174 filii
775 2113 955 2178 laudatione
985 2114 1079 2178 refert

95 2209 220 2272 Plinius
240 2227 267 2288 7,
298 2210 351 2288 139
372 2228 431 2289 sq.‚
466 2227 540 2270 eum
564 2208 614 2269 vel
629 2209 729 2289 santa
752 2217 839 2272 vairas
862 2210 943 2272 inter
963 2209 1078 2272 Decios

94 2305 310 2386 Curtiumque
338 2302 483 2366 excludit.
528 2301 614 2366 idem
635 2303 674 2366 de
700 2302 858 2368 Graecam
876 2304 990 2367 virtute
1012 2324 1078 2366 non
1091 2319 1130 2364 aar

95 2399 193 2463 latina
219 2399 389 2462 dicendum
413 2416 522 2489 quam,
536 2396 649 2460 leniter
667 2413 832 2479 corruptae
852 2398 1009 2462 Horatiae
1029 2399 1077 2478 (cl.

95 2496 240 2575 Propert
262 2495 287 2572 3,
311 2494 337 2572 3,
358 2512 376 2573 7
406 2491 514 2555 Manil.
540 2513 563 2569 1,
584 2493 653 2571 778)
683 2491 889 2575 interpolator
910 2493 1078 2556 substituit.
1091 2509 1131 2555 aar

96 2590 232 2654 Curium
247 2588 334 2670 quod
345 2586 453 2650 clarae
461 2584 577 2650 sociam
587 2585 712 2650 virtutis
724 2588 869 2670 appellat,
883 2588 921 2652 de
933 2588 1077 2651 Fabricio

96 2700 130 2747 et
149 2682 352 2747 Coruncanio
379 2681 559 2744 audientem
586 2681 736 2744 admonet
756 2682 805 2761 (cf.
827 2682 893 2746 Cic.
915 2683 999 2746 Lael.
1024 2685 1077 2763 18).

96 2777 154 2839 sed
184 2777 350 2840 haeremus
385 2778 419 2840 in
452 2775 609 2840 Flaminio
638 2797 667 2838 V.
690 2778 760 2856 368,
790 2798 894 2859 neque
924 2778 1009 2841 enim
1039 2779 1131 2840 adast

97 2873 136 2936 C.
151 2872 352 2951 Flaminium,
373 2873 427 2954 qui
447 2873 487 2935 ad
500 2872 759 2935 Trasumennum
776 2873 881 2936 lacum
899 2873 1078 2937 interfectus

97 2983 153 3046 est,
174 2967 329 3049 pertinere
345 2967 402 3028 ista
415 2981 547 3048 possunt
559 2965 669 3029 devota
681 2966 767 3030 dedit
776 2968 833 3049 qui
842 2979 976 3050 corpora
980 2969 1078 3050 flam·

96 3061 171 3136 min
195 3060 370 3124 Caecilium
398 3062 536 3124 eundem
562 3061 816 3142 substituendum
837 3083 902 3126 esse
921 3063 1078 3125 Flaminio

97 3177 116 3218 a
131 3155 237 3218 multis
247 3171 371 3237 recepta
388 3155 567 3219 coniectura
581 3173 705 3220 estnon
719 3155 893 3219 admodum
907 3157 1078 3238 probabilis

97 3251 131 3311 in
151 3265 215 3314 tam
233 3249 406 3332 impropria
420 3250 580 3312 locutione
595 3250 634 3312 de
648 3249 790 3312 Palladio
804 3249 939 3313 flammis
954 3266 1078 3332 erepto;

97 3345 153 3407 sed
177 3344 285 3426 aliquo
312 3345 411 3407 modo
436 3344 608 3408 concinunt
633 3364 713 3425 quae
740 3344 853 3408 Cicero
878 3365 937 3428 pro
958 3346 1077 3409 Scauro

98 3441 194 3504 habet
223 3442 275 3513 23,
303 3458 342 3520 47
373 3459 517 3521 quaeque
548 3438 682 3501 Ovidius
712 3438 778 3500 fast.
809 3440 841 3517 6,
870 3442 938 3520 452.
995 3455 1078 3503 certe

99 3535 269 3618 praecipuo
289 3535 379 3598 illum
399 3554 494 3598 suum
508 3533 701 3596 Flaminium
719 3533 861 3614 quisquis
883 3534 941 3596 fuit
955 3534 1077 3597 honore

99 3645 194 3711 poeta
215 3631 332 3708 extulit,
358 3629 515 3711 siquidem
541 3628 582 3691 ad
607 3646 682 3691 eum
702 3627 844 3691 adiunxit
863 3648 990 3692 versum
1012 3630 1077 3709 369,
1091 3645 1131 3690 366
