2600 4242
527 76 533 87 '
612 89 652 142 r

217 362 256 422 24
576 341 837 388 conuaurantvs

212 524 338 585 natium
370 522 488 584 familia
517 523 648 606 aliisque
675 523 758 586 illius
789 525 857 585 aevi
888 524 1025 586 Octaviis
1056 521 1094 584 cf.
1119 523 1202 585 Bor·

216 617 344 699 ghesius
364 637 498 698 operum
517 637 546 697 4„
569 637 628 698 490
647 637 693 699 sq.
737 618 857 681 accedit
882 634 916 680 ut
940 639 1010 700 spes
1036 637 1133 699 quarn
1161 618 1201 680 de

217 732 318 794 puero
339 712 476 794 concipit
495 735 523 776 v.
540 714 576 791 37
590 733 634 793 sq.
656 713 754 774 nimia
773 713 812 775 sit
831 713 865 775 in
881 734 981 795 puero
996 713 1200 794 quantumvis

217 808 327 886 nobili,
357 828 395 870 eo
427 827 504 870 aevo
535 808 717 889 praesertim
748 827 813 889 quo
845 808 903 870 nisi
934 807 973 868 de
999 807 1202 889 imperatoria

218 903 336 965 familia
360 901 474 964 talibus
498 903 601 964 verbis
625 921 721 964 nemo
748 903 793 964 uti
814 901 925 983 potuit.
968 901 1082 982 quibus
1104 922 1201 983 argu-

217 999 330 1060 mentis
355 999 395 1059 ad
419 1017 489 1059 eam
512 998 700 1060 sententiam
724 996 938 1080 perducimur,
969 1015 1066 1076 quarn
1091 1011 1122 1058 et
1147 997 1201 1059 alii

216 1093 417 1173 protulerunt
441 1107 472 1154 et
497 1093 638 1154 Bauerus
658 1092 678 1155 l.
699 1114 722 1154 s.
745 1113 773 1173 p.
796 1093 861 1171 375,
893 1107 928 1153 ut
956 1090 1074 1152 scilicet
1104 1109 1201 1172 poeta

217 1186 271 1266 qui
297 1206 365 1247 sese
389 1186 513 1248 finxerit
538 1187 715 1268 Vergilium
740 1187 983 1263 adulescentem,
1011 1205 1140 1254 carmen
1166 1209 1200 1250 se

215 1281 339 1342 mittere
369 1281 495 1342 simulet
525 1281 565 1343 ad
591 1281 627 1344 C.
654 1282 832 1359 Octavium,
867 1281 921 1362 qui
946 1295 1056 1362 postea
1081 1282 1201 1345 Caesar

214 1375 406 1437 Octavianus
432 1376 530 1438 factus
555 1396 609 1457 est,
634 1397 771 1458 puerum
798 1377 920 1438 Romae
951 1391 1128 1438 versantem
1159 1398 1199 1440 eo

214 1485 358 1550 tempore
380 1490 444 1551 quo
465 1472 623 1553 Vergilius
644 1471 762 1534 ibidem
783 1471 892 1534 studiis
913 1471 1066 1533 incubuit.
1110 1472 1199 1552 quod

215 1565 248 1626 si'
262 1565 301 1628 de
322 1586 422 1646 puero
441 1566 504 1628 lere
526 1567 708 1647 quindecim
728 1587 886 1631 annorum
901 1582 1029 1649 poetam
1044 1567 1199 1648 cogitasse

206 1661 379 1742 probabile
400 1676 454 1740 est,
476 1661 595 1742 Vergili
608 1677 742 1725 aetatem
757 1683 826 1725 eam
847 1663 952 1744 potius
973 1661 1083 1724 haberi
1097 1661 1200 1724 voluit

206 1776 311 1838 =quam
345 1757 460 1819 Statius
494 1757 609 1837 innuit,
643 1777 740 1838 quam
774 1757 863 1820 cuius
898 1757 1068 1819 Suetonius
1103 1757 1198 1818 nobis

205 1868 398 1915 auctorest.

293 1948 347 2009 llle
378 1948 473 2028 igitur
500 1947 642 2028 quisquis
673 1946 731 2009 luit
761 1946 892 2008 carmini
921 1946 992 2008 satis
1022 1946 1135 2028 grandi
1167 1962 1199 2008 et

205 2041 321 2120 magni
352 2043 414 2103 oris
444 2042 487 2104 ita
516 2043 675 2123 praefatur
704 2058 739 2105 ut
768 2042 877 2105 lusisse
907 2062 940 2103 se
967 2041 1049 2104 dicat
1073 2041 1202 2123 gracili

213 2134 391 2197 modulante
417 2135 545 2211 lealia,·
574 2156 640 2218 quo
667 2138 776 2201 Musae
801 2138 930 2201 nomine
956 2136 1045 2219 quod
1070 2136 1103 2199 in
1123 2137 1199 2198 lusu

215 2229 470 2293 commendando
504 2232 614 2310 utitur,
654 2253 728 2295 cum
762 2255 787 2296 e.
821 2255 851 2316 g.
887 2233 1034 2295 Manilius
1067 2251 1199 2313 gravem

214 2325 376 2387 materiem
397 2325 471 2388 velit
490 2325 523 2389 in
542 2347 709 2390 numerum
729 2329 854 2392 Plzoebo
874 2327 1051 2390 modulante
1071 2327 1200 2406 referre

214 2423 252 2502 (1,
277 2420 533 2502 193cf.Colum.
560 2443 602 2501 10,
622 2423 699 2502 228),
725 2424 839 2486 imitari
862 2423 987 2485 videtur
1005 2421 1198 2504 Vergilium,

205 2516 270 2598 qui
300 2536 340 2579 ne
370 2516 436 2597 ipse
467 2517 596 2598 quidem
625 2518 691 2580 sine
723 2519 854 2582 consilio
883 2518 995 2599 prima
1028 2516 1198 2595 Syracosio

214 2611 346 2692 dignata
369 2620 417 2673 est
439 2611 546 2674 ludere
572 2632 667 2675 versu
691 2623 800 2676 nostra
826 2634 922 2695 neque
950 2611 1077 2675 erubuit
1097 2610 1199 2674 silvas

214 2705 360 2768 habitare
379 2705 501 2768 lealt'a.
537 2708 653 2770 etenim
668 2708 773 2771 Musas
792 2723 898 2769 tamen
912 2708 968 2770 etsi
981 2707 1037 2770 illo
1051 2723 1197 2788 tempore

203 2799 391 2880 provincias
412 2800 557 2862 nondum
577 2817 674 2864 certas
695 2803 831 2865 tenuisse
846 2819 967 2866 constet
988 2819 1018 2866 et
1032 2824 1057 2866 e.
1072 2823 1101 2884 g.
1116 2803 1199 2864 Ver·

214 2893 307 2976 gilius
323 2898 402 2956 Aen.
418 2913 444 2973 7,
467 2896 503 2973 37
522 2896 617 2958 Erato
632 2906 695 2977 pro
715 2897 929 2979 qualecumque
941 2898 1040 2960 Musa
1054 2896 1198 2979 posuerit

214 2988 332 3067 (Seru),
353 3003 459 3051 tamen
479 3005 509 3051 et
529 2989 757 3073 Terpsichorae
777 3009 895 3057 sortem
916 2993 1078 3075 descripsit
1092 2991 1196 3073 Chry-

213 3083 322 3165 sippus
343 3099 373 3146 et
392 3084 585 3166 reliquarum
606 3102 641 3149 ut
660 3088 784 3150 videtur
809 3088 900 3167 (Plut.
922 3107 1023 3172 symp.
1045 3109 1073 3168 9,
1098 3107 1140 3167 ¹47
1167 3107 1194 3162 ις

214 3179 377 3242 Cornutus
392 3201 421 3261 p.
432 3183 463 3242 15
476 3201 521 3262 sq.
528 3181 572 3259 L.‚
588 3182 830 3246 cfiMuenzelius
844 3185 883 3246 de
894 3185 1000 3265 Apoll.
1015 3187 1090 3270 περὶ
1106 3183 1195 3248 θεῶν

213 3294 243 3354 p.
260 3275 306 3354 27)
328 3290 359 3337 et
371 3275 483 3337 Eratus
497 3296 614 3338 munus
635 3298 672 3340 ex
693 3279 724 3340 vi
743 3279 880 3341 nominis
896 3279 1037 3342 delinivit
1051 3278 1193 3357 Ovidius,

205 3369 270 3449 qui
308 3369 409 3451 ipsam
443 3371 591 3434 Thaliam
631 3373 695 3436 fere
734 3390 912 3437 constanter
944 3395 1034 3437 suam
1069 3373 1194 3435 Musam

187 3466 358 3546 tappellat.
407 3467 530 3548 gracilis
561 3469 652 3531 Musa
682 3485 736 3549 est,
770 3483 863 3551 poeta
894 3477 1014 3531 tenmm
1033 3469 1198 3548 formavit

213 3578 322 3622 orsum
342 3576 378 3623 ut
396 3563 536 3625 araneoli
556 3583 663 3626 orsum
685 3567 769 3644 (nam
789 3565 833 3627 sic
851 3564 940 3627 latini
952 3565 1085 3626 lectores
1098 3566 1195 3626 verba

214 3654 456 3734 coniunxerunt,
477 3677 540 3721 non
554 3667 590 3720 ut
606 3660 753 3722 araneoll
759 3659 996 3739 fhrmavimus).
1034 3679 1123 3722 orsus
1137 3678 1194 3721 vo-
