2600 4242
158 1124 337 1240 Lustmus,
357 1161 478 1240 Octavi,
498 1161 606 1242 gracili
626 1161 809 1224 modulante
830 1161 952 1242 Thalia,

93 1273 189 1339 atque
209 1271 245 1319 ut
264 1255 403 1318 araneoli
421 1270 551 1318 tenuem
571 1255 777 1318 formavimus
798 1274 922 1334 orsum;

93 1353 244 1416 lusimus:
266 1351 343 1413 haec
364 1365 493 1433 propter
513 1350 628 1412 culices
648 1350 708 1412 sint
729 1349 868 1414 carmina
888 1351 980 1417 docta

92 1447 199 1510 omnis
220 1461 250 1508 et
269 1444 416 1508 historiae
437 1464 493 1526 per
512 1445 626 1506 ludum
645 1460 799 1508 consonet
819 1445 898 1509 ordo

17 1551 20 1556 '
92 1541 288 1622 notitiaeque
310 1538 429 1602 ducum
448 1559 550 1601 voces.
590 1541 662 1603 licet
681 1541 806 1603 invidus
826 1540 918 1604 adsit:
1086 1563 1100 1606 a

92 1635 238 1718 quisquis
258 1634 315 1696 erit
336 1633 462 1714 culpare
482 1633 569 1697 iocos
589 1654 776 1716 musamque
798 1651 932 1718 paratus,

93 1730 236 1812 pondere
256 1730 306 1791 vel
327 1727 435 1790 culicis
455 1728 556 1790 levior
576 1729 722 1810 famaque
743 1729 868 1794 feretur.

93 1825 251 1906 posterius
271 1823 413 1904 graviore
432 1842 512 1885 sono
532 1823 589 1885 tibi
609 1843 700 1884 musa
719 1824 867 1903 loquetur

6 1931 14 1938 '
95 1934 211 1996 nostra,
233 1919 354 1980 dabunt
374 1937 448 1979 cum
468 1936 595 1979 securos
615 1917 694 1978 mihi
714 1932 857 2000 tempora
881 1921 1008 2002 fructus,

92 2029 130 2076 ut
149 2013 207 2076 tibi
228 2013 322 2094 digna
341 2027 398 2074 tuo
419 2011 577 2094 poliantur
597 2012 736 2074 carmina
755 2033 857 2077 sensu.
1074 2037 1100 2080 ιο

153 2109 293 2171 Latonae
314 2106 484 2188 magnique
506 2107 588 2170 lovis
608 2108 705 2170 decus
724 2129 818 2172 aurea
838 2112 951 2193 proles,

93 2203 244 2265 Phoebus
266 2202 323 2264 erit
343 2201 441 2263 nostri
461 2200 606 2283 princeps
626 2217 656 2264 et
676 2204 822 2267 carminis
842 2223 951 2270 auctor

93 2315 127 2360 et
145 2298 302 2359 recinente
323 2296 391 2378 lyra
411 2295 525 2376 fautor,
545 2297 610 2359 sive
631 2298 742 2360 educat
763 2292 854 2362 illuin

91 2395 180 2453 Arna
202 2391 391 2453 Chimaereo
412 2390 530 2453 Xanthi
550 2393 676 2473 perfusa
696 2393 819 2475 liquore

91 2506 150 2549 seu
170 2487 265 2549 decus
285 2486 425 2548 Asteriae
446 2506 502 2548 seu
523 2507 586 2567 qua
606 2488 753 2550 Parnasia
772 2508 865 2571 rupes
1073 2511 1098 2554 15

90 2582 168 2644 hinc
187 2596 281 2663 atque
302 2581 376 2644 hinc
396 2581 503 2661 patula
523 2581 707 2663 praepandit
727 2602 846 2648 cornua
867 2585 968 2650 fronte

90 2675 310 2756 Castaliaeque
330 2695 445 2738 sonans
467 2674 588 2756 liquido
609 2674 690 2756 pede
710 2677 825 2742 labitur
845 2681 938 2744 unda.

90 2790 199 2852 quare,
221 2771 314 2832 Pierii
335 2770 434 2832 laticis
455 2768 560 2846 decus,
581 2770 632 2848 ite,
653 2790 777 2834 sorores

89 2865 218 2944 Naides,
240 2879 269 2926 et
290 2866 443 2927 celebrate
464 2864 560 2926 deum
580 2865 708 2927 ludente
728 2867 852 2931 chorea.

89 2976 123 3023 et
142 2975 187 3038 tu,
207 2975 312 3022 sancta
333 2960 431 3034 Pales,
452 2959 492 3021 ad
514 2979 610 3040 quam
630 2975 761 3023 ventura
780 2961 911 3026 recurrit
1071 2981 1097 3026 uo

89 3070 250 3136 agrestum
272 3057 356 3116 bona
375 3070 521 3132 securae,
542 3055 580 3116 sit
600 3074 675 3117 cura
694 3057 827 3120 tenentis

89 3149 193 3212 aerios
214 3169 382 3211 nemorum
403 3149 505 3211 cultus
525 3149 680 3232 silvasque
700 3151 847 3215 virentes:

89 3261 121 3308 te
143 3244 271 3307 cultrice
291 3264 390 3324 vagus
410 3245 505 3305 saltus
526 3244 610 3306 feror
630 3245 710 3307 inter
730 3261 760 3307 et
780 3262 875 3310 antra.

90 3355 121 3402 et
141 3354 185 3411 tu,
207 3340 258 3401 cui
279 3337 396 3400 meritis
418 3338 517 3401 oritur
537 3339 652 3401 fiducia
672 3340 795 3420 chartis,

142 3551 248 3597 CVLEX
266 3551 369 3598 PVBLll
383 3552 512 3600 VlRGlLII
530 3554 675 3602 MARONIS
694 3555 909 3612 lucumonem
936 3571 1043 3608 sursum

89 3621 204 3678 3culicis
245 3633 270 3665 ro
289 3621 385 3678 dignate
404 3623 535 3680 spoliantur
575 3636 600 3678 ¹4
617 3625 677 3670 alma
719 3637 741 3681 ¹5
756 3627 859 3684 astrigeri
899 3640 922 3674 21
937 3637 1043 3676 tenentes

90 3701 114 3746 23
129 3695 191 3733 astra
