2578 4242
477 323 522 368 AD
537 322 563 370 V.
577 323 683 378 272-286
697 338 732 382 sq.
1056 325 1092 387 85

110 517 182 570 erat
210 502 296 566 velut
322 501 474 584 pinusque
502 503 605 578 simul,
635 523 702 586 quo
731 505 833 586 aptius
856 503 955 568 siloae
980 505 1093 569 deinde

111 597 313 660 inferrentur.
353 619 381 660 v.
396 599 452 662 282
477 607 585 662 cannes
608 598 778 680 rapiebant
797 599 908 664 cerb‘ce
932 619 1038 663 auara
1061 601 1146 663 inest

112 692 303 756 memoriam
334 707 460 754 revocat
489 691 653 756 Ciceronis
682 696 778 756 verba
813 694 853 756 de
886 709 963 756 orat.
986 696 1012 772 3,
1041 697 1093 757 162

109 806 241 848 versum
261 787 345 848 Enni
365 786 475 859 (ocules
486 797 682 869 postremum
699 788 802 852 lumen
822 787 985 851 rade'atum
1003 797 1094 870 rape)

108 881 158 943 sic
180 881 376 948 illustrantis:
400 899 461 944 nou
481 881 566 945 deicit
579 892 664 964 cape,
688 903 749 946 nou
765 893 841 965 pere,
866 881 997 948 haberet
1013 884 1095 948 euim

109 987 241 1040 morem
260 1011 308 1049 -,
331 975 390 1040 sed
409 985 496 1060 rape.
546 979 584 1040 cl.
608 978 683 1043 Stat.
708 978 775 1040 silv.
797 979 824 1055 3,
847 979 872 1056 5,
894 978 930 1039 33
960 985 993 1040 tu
1016 988 1095 1059 pro·

108 1069 274 1136 currentia
287 1071 407 1150 pune
426 1071 570 1136 carmeieu
589 1081 698 1135 uestra
716 1072 801 1138 sonis
814 1081 950 1153 tenerque
963 1072 995 1135 e'u
1008 1093 1094 1135 mur·

109 1185 206 1229 mure
234 1173 335 1228 noctes
358 1182 439 1230 aure
467 1166 558 1248 rapis
585 1165 686 1248 uigili.
736 1167 816 1230 Ach.
837 1187 865 1246 2,
890 1177 943 1229 reo
967 1169 1007 1246 (ι,
1026 1169 1093 1247 794)

108 1258 264 1340 uekile'que
287 1259 376 1324 leuen
386 1279 468 1325 aure
491 1261 673 1326 trahentem.
722 1282 751 1324 v.
768 1262 824 1325 283
850 1262 1023 1324 necessaria
1049 1275 1094 1324 est
1107 1278 1147 1322 ese

111 1355 266 1417 ltalorutn
280 1355 460 1419 emendatio
473 1355 591 1430 Lunae,
612 1375 716 1438 neque
730 1357 902 1438 quicquam
923 1372 968 1419 est
989 1357 1021 1418 in
1036 1357 1095 1418 hae

107 1448 267 1512 sententia
286 1449 397 1532 inepti:
429 1449 574 1532 Orpheus
592 1449 702 1514 Lunae
725 1471 820 1533 equos
837 1459 899 1532 per
922 1451 1031 1516 nidera
1051 1451 1095 1514 la·

109 1543 216 1608 dentes
227 1543 350 1625 pressei
366 1546 455 1624 (Aen.
481 1567 505 1623 1,
525 1547 562 1608 63
577 1555 728 1628 premere
746 1543 895 1625 habenas,
919 1545 1012 1608 ovid.
1034 1563 1094 1607 em.

115 1657 141 1715 r,
167 1639 210 1716 13,
235 1657 269 1700 10
287 1639 446 1720 suepprime
466 1639 546 1720 lura)
571 1649 604 1704 et
625 1647 667 1714 tu,
693 1639 786 1702 Luna
809 1641 981 1720 (muestrua
1000 1637 1094 1720 virgo
1107 1659 1147 1704 est

109 1733 196 1796 male
231 1733 407 1797 derivatum
442 1753 480 1800 ex
515 1744 676 1798 menstrua
710 1733 803 1797 Luna
840 1753 948 1816 georg.
974 1754 997 1812 1,
1025 1735 1092 1814 353)

107 1825 265 1892 audouera
284 1827 390 1910 lyram
408 1847 460 1892 eos
478 1829 608 1894 denunti.
654 1843 684 1894 et
710 1845 809 1910 equos
830 1843 861 1891 et
880 1827 1005 1891 Lunam
1025 1847 1093 1889 car-

110 1922 199 1984 mine
225 1922 387 1998 delenivit,
419 1938 576 2006 equorum
602 1923 666 1987 iam
690 1924 869 1986 inhibuerat
894 1923 1091 2000 celeritatem,

109 2031 182 2080 tum
212 2017 304 2081 Luna
333 2038 388 2083 eos
417 2033 497 2082 stare
527 2019 615 2081 iussit
644 2027 729 2083 uncle
757 2019 891 2092 deserta,
921 2033 955 2080 ut
985 2033 1032 2081 est
1060 2018 1092 2081 in

109 2113 250 2176 Senecae
265 2103 409 2177 Phaedra
421 2135 450 2177 v.
467 2115 532 2177 310.
572 2113 628 2176 sed
648 2113 722 2176 ferri
740 2133 806 2177 non
818 2129 922 2197 potest
933 2123 1094 2180 currentes

108 2208 243 2281 uenatu
264 2219 339 2272 nam
356 2219 460 2270 totum
480 2209 650 2272 sententiae
676 2217 811 2271 acumen
836 2210 869 2272 in
894 2229 933 2272 eo
952 2219 1093 2272 versatur

109 2301 201 2383 quod
226 2321 349 2366 currere
373 2303 437 2365 iam
461 2303 520 2383 ipsi
551 2302 615 2365 fere
642 2303 810 2381 desierunt,
840 2317 908 2368 tum
937 2319 1091 2367 tenentur.

108 2415 189 2478 ergo
209 2398 319 2479 scripsi
338 2396 489 2477 cerpentes
508 2397 638 2472 enuisti
663 2398 781 2462 scilicet
800 2399 900 2461 teneri
920 2399 1090 2479 cupientes.
1181 2403 1182 2407 ’

110 2527 148 2537 -
170 2511 199 2555 ν.
213 2492 270 2554 286
283 2512 329 2573 sq.
350 2505 385 2555 ut
397 2511 490 2573 saepe
504 2491 636 2555 fecimus
649 2505 776 2574 poetam
791 2511 898 2554 rursus
912 2493 1170 2574 experimuresssq.

107 2586 254 2649 sensibus
279 2606 345 2650 non
370 2586 468 2650 acutis
494 2601 548 2648 aut
576 2586 748 2669 splendidis
777 2585 833 2648 sed
863 2605 920 2666 per
948 2587 1091 2651 laborem

107 2682 287 2765 plurimum
312 2682 459 2763 quaesitis
485 2693 625 2743 utentem
649 2693 679 2743 et
698 2682 801 2743 verbis
822 2682 1089 2746 obscurissimum.

106 2777 188 2841 uaec
216 2776 324 2840 eudem
349 2776 450 2857 potuit
471 2775 558 2840 Datis
586 2784 614 2840 te
641 2775 765 2840 urucere
795 2776 931 2841 renim
955 2777 1090 2859 Eurydi-

107 2891 223 2953 cenque
236 2869 319 2936 ultro
332 2869 505 2934 ducendam
517 2869 660 2944 reddere,
683 2870 717 2933 in
732 2871 780 2934 his
795 2871 873 2934 nihil
887 2872 1090 2952 ambiguum:

107 2964 178 3050 lyra
197 2967 290 3030 deam
309 2967 405 3029 vincit
426 2981 456 3030 et
482 2967 571 3048 quasi
590 2966 657 3048 ipsa
677 2966 779 3031 reddit
803 2966 973 3048 coniugem
994 2968 1092 3030 citha-

108 3055 201 3125 ristae
222 3082 303 3143 quae
324 3062 401 3124 deae
420 3061 588 3144 persuadet
608 3077 644 3124 ut
660 3060 779 3139 reddat,
801 3076 831 3124 et
850 3060 932 3124 ultro
952 3061 1091 3142 quidem,

108 3169 185 3220 nam
215 3157 275 3220 nisi
309 3156 455 3238 precibus
485 3157 576 3220 nullo
609 3169 721 3219 coactu
754 3155 895 3238 pretiove
928 3154 1093 3218 redimitur

108 3253 277 3336 Eurydice.
317 3251 472 3333 sequitur:
498 3271 558 3314 uou
569 3253 640 3332 sas,
660 3271 721 3314 nou
740 3250 864 3314 eratin
882 3250 981 3313 vitum
1001 3249 1093 3312 diuae

107 3345 272 3413 exorabile
299 3346 418 3410 mortes.
470 3362 563 3428 atque
593 3365 719 3410 summa
749 3345 919 3408 sententiae
949 3358 1090 3426 apparet:

107 3461 170 3505 nen
185 3443 248 3523 fas
269 3441 380 3504 mortis
404 3439 566 3504 exorabile
589 3449 668 3503 erat.
719 3459 796 3521 ergo
826 3439 906 3502 inter
930 3459 963 3502 se
988 3457 1091 3520 oppo-

108 3550 229 3600 nuntur
248 3549 375 3600 exorata
395 3535 472 3598 deae
491 3535 637 3599 voluntas
658 3548 688 3598 et
709 3534 862 3596 infaustus
885 3535 931 3597 rei
951 3548 1089 3610 eventus,

108 3645 318 3715 opponuntur
338 3629 543 3710 Proserpinae
568 3630 635 3711 ipsa
659 3629 709 3692 lex
734 3641 763 3694 et
784 3628 893 3692 mortis
914 3629 1088 3692 necessitas.
