2578 4242
234 343 271 421 78
590 332 851 382 conuauramvs

234 540 315 603 quae
339 533 488 582 secuntur
513 517 552 579 de
577 518 773 581 Danaidibus
801 535 838 576 ex
864 532 976 575 eorum
1002 532 1118 594 genere
1142 528 1216 574 sunt
1281 505 1282 582 ἶ

234 634 315 696 quae
346 613 396 675 vel
426 613 459 674 in
489 614 551 676 hoc
581 612 719 674 carmine
750 609 887 673 maxime
916 608 1038 670 mireris
1068 608 1216 672 homines
1280 651 1282 708 4

234 724 343 772 acutos
363 723 393 770 et
413 706 446 768 in
465 706 607 787 legendis
627 705 728 787 poetis
749 704 933 768 exercitatos
948 722 1015 765 non
1028 703 1217 766 intellexisse

234 819 264 868 et
294 801 482 866 coniecturis
513 801 663 864 obruisse.
715 800 770 874 ite,
800 798 912 881 quibus
941 797 1050 861 aedas
1077 799 1220 862 accendit
1281 811 1282 822 ¹

233 897 333 961 tristes
361 896 493 978 Erinys:
523 896 604 960 secut
630 895 754 976 Hymen
783 895 935 975 praefata
970 894 1056 958 dedit
1084 894 1217 958 conubia
1281 975 1282 980 ἵ

233 992 352 1054 martir.
404 990 481 1072 quid
507 990 558 1053 hic
583 1010 649 1054 non
672 1009 785 1053 sanum
810 1004 841 1051 et
865 991 1013 1070 probum,
1045 990 1106 1053 nisi
1136 990 1216 1052 forte
1281 981 1282 992 ¹

234 1085 411 1167 asyndeton
432 1083 651 1146 duriusculum
670 1085 822 1161 videatur,
843 1103 908 1165 quo
922 1098 1029 1146 tamen
1044 1085 1217 1166 figuratum

235 1199 415 1242 sermonem
436 1179 564 1242 affectus
584 1180 745 1242 indicandi
769 1198 862 1242 causa
885 1193 980 1259 poeta
999 1176 1109 1242 voluit.
1150 1199 1217 1243 non
1281 1231 1282 1240 ,

234 1275 439 1355 Hymenaeus
459 1274 492 1336 in
513 1274 629 1354 nuptiis
649 1274 756 1337 aderat
768 1265 834 1335 'sed
854 1273 983 1354 Erinys:
1008 1293 1047 1336 ac
1065 1271 1149 1336 milri
1165 1293 1219 1334 nec
1281 1319 1282 1326 1

236 1368 314 1430 Iuno
333 1387 388 1430 nec
406 1366 539 1448 Hymen,
559 1368 618 1431 sed
632 1368 733 1431 tresn's
751 1368 869 1448 Erinys
888 1367 1044 1448 praemlit
1061 1368 1219 1448 infaustas
1281 1359 1282 1376 ¹

233 1461 471 1544 sauguinolenta
481 1463 585 1542 faces,
606 1480 641 1526 ut
661 1483 763 1526 unum
784 1483 821 1524 ex
843 1462 949 1524 multis
969 1462 1048 1525 locis
1070 1462 1217 1542 (Ouher.

235 1559 262 1634 6,
272 1559 321 1638 45)
337 1556 486 1634 adferam,
501 1556 670 1639 dequibus
684 1573 756 1639 post
769 1558 847 1620 alios
862 1557 1029 1637 disputavit
1040 1556 1218 1620 Richardus
1281 1547 1282 1592 ἶ

234 1651 437 1716 Schmidt-de
458 1652 644 1733 Hymenaeo
672 1668 703 1716 et
722 1653 865 1715 Talassio
886 1672 916 1733 p.
931 1653 970 1731 64
987 1671 1033 1732 sq.
1062 1653 1102 1714 de
1130 1673 1218 1715 more

234 1763 339 1810 autem
361 1768 397 1809 ea
410 1745 514 1828 specie
528 1746 638 1809 induta
651 1747 828 1825 advenerat,
849 1762 884 1808 ut
901 1747 1019 1808 iustum
1034 1747 1218 1828 nuptiarum

234 1863 354 1906 numen
379 1843 422 1904 eis
449 1862 515 1904 esse
541 1841 700 1904 videretur
720 1841 775 1922 qui
798 1841 831 1903 in
851 1841 945 1904 sacris
965 1841 1109 1918 aderant;
1143 1862 1217 1924 ergo

232 1939 314 2000 sient
328 1937 452 2018 Hymen
474 1937 628 2017 praefata
655 1953 709 2014 est,
739 1937 794 1999 sed
823 1935 910 1999 dedit
935 1934 1068 1999 conubia
1091 1935 1216 1999 Martis.

234 2033 395 2112 nimirum,
416 2032 448 2095 id
468 2033 493 2094 si
514 2051 645 2095 monere
666 2052 747 2113 opus
768 2046 822 2110 est,
846 2030 989 2094 amnibus
1008 2027 1104 2090 rebus
1122 2049 1218 2110 agen·

234 2127 283 2190 dri
296 2127 381 2206 quod
391 2127 655 2207 bmumfaustum
665 2125 754 2208 felia
758 2125 1018 2206 formatumque
1030 2132 1111 2186 esset
1124 2134 1219 2204 prae·

224 2219 386 2301 fabuntur
406 2221 482 2300 (cic.
498 2223 537 2284 de
551 2221 613 2284 div.
632 2243 656 2300 1,
680 2223 743 2299 102)
765 2237 795 2283 et
815 2220 934 2283 Fabius
953 2218 1122 2282 Maximus
1143 2218 1219 2282 Ser·

233 2315 371 2379 atilianus
387 2316 530 2396 pontifiex
554 2316 587 2378 in
607 2316 688 2379 libro
707 2315 784 2380 XII
798 2324 896 2396 negat
915 2323 1057 2395 oportere
1076 2323 1150 2376 atro
1171 2312 1219 2377 da

229 2412 406 2493 parentari,
430 2410 506 2492 quaa
526 2419 596 2472 tunc
614 2430 734 2490 quoque
755 2409 869 2472 Ianum
884 2409 1050 2490 Iovemque
1062 2409 1221 2489 praefari

233 2526 353 2570 necesse
371 2516 423 2580 est,
444 2525 521 2587 qnos
532 2505 695 2567 norninari
706 2515 777 2568 atro
790 2504 840 2567 die
855 2524 916 2566 non
929 2512 1049 2584 aportat
1066 2504 1219 2581 (Macrob.

234 2616 288 2663 sat.
314 2623 337 2671 ι,
362 2602 405 2680 16,
426 2602 488 2678 25);
520 2620 596 2680 ergo
622 2598 701 2661 talia
718 2598 906 2680 praefantes
930 2598 1087 2680 quandam
1102 2597 1220 2677 felicia
1279 2675 1280 2692 χ

234 2693 326 2757 Pauo
345 2695 490 2758 carmina
503 2694 608 2756 divam
621 2693 797 2777 cecinerunt
804 2701 931 2775 pectere
938 2702 1060 2774 parcae
1074 2695 1155 2773 (Cat.
1172 2695 1219 2772 64,
1279 2733 1280 2738 κ

236 2790 312 2867 382),
332 2805 362 2851 et
383 2789 566 2870 Lygdamus
586 2791 624 2867 (2,
650 2791 708 2866 15):
726 2789 897 2869 praefatae
916 2798 988 2851 aute
1007 2808 1091 2852 nuos
1108 2809 1220 2852 manes

235 2881 436 2963 animamque
451 2891 598 2962 precatae
618 2917 655 2926 —
675 2902 748 2946 ossa
767 2881 875 2964 legmt.
922 2884 1038 2965 quibus
1062 2885 1219 2946 contraria

234 2991 307 3039 sunt
336 2975 507 3039 mausima
535 2976 634 3040 verba
665 2981 756 3054 (Aen.
777 2978 809 3054 6,
831 2978 883 3040 231
918 2978 951 3040 in
981 2978 1218 3059 parentationel.

235 3088 265 3136 et
291 3093 330 3136 eo
355 3091 449 3135 sensu
469 3072 567 3134 utitur
587 3071 702 3134 Statius
728 3086 770 3144 ut⁴
791 3073 873 3135 male
894 3074 1053 3154 praeferor
1073 3073 1219 3154 epicedio
1278 3153 1279 3158 ἵ

237 3171 262 3244 5,
286 3171 300 3231 5
321 3188 371 3231 me
390 3167 541 3230 miserum
556 3202 592 3212 -
606 3187 703 3248 neque
720 3166 803 3229 enim
815 3167 921 3230 verbis
933 3167 1139 3232 sollemnibus⁴
1152 3168 1218 3231 ulla
1278 3161 1279 3164 '

234 3262 390 3344 inceptam.
429 3262 543 3343 Erinys
563 3261 659 3342 igitur
679 3262 740 3339 illa,
767 3276 802 3323 ut
823 3262 935 3325 Medea
961 3263 1050 3344 quasi
1070 3266 1217 3344 pronuba

234 3357 348 3439 Erinys
374 3367 446 3438 past
475 3357 639 3439 sacrificas
661 3367 774 3439 preces
802 3356 904 3420 caedit
937 3356 1047 3421 di'catis
1074 3358 1218 3420 victimas

234 3449 391 3515 altaribus
410 3454 493 3533 (Sen.
515 3454 598 3516 Med.
625 3454 680 3531 38),
707 3452 751 3514 sic
773 3467 802 3514 et
823 3451 890 3532 ipsa
909 3452 1088 3534 Hymenaei
1109 3472 1216 3534 preces

235 3559 266 3607 et
285 3565 454 3627 personam
476 3548 594 3610 imitata
615 3546 792 3609 mortiferas
813 3547 934 3627 peragit
954 3547 1088 3629 nuptias.
1130 3548 1217 3610 aliter

234 3637 300 3719 ipse
321 3640 526 3720 Hymenaeus
553 3643 670 3721 nuptiis
695 3641 869 3703 infaustum
895 3657 1042 3704 eventum
1064 3642 1217 3706 habituris
