2578 4242
478 330 523 376 ΑΙ)
539 330 565 377 V.
579 341 683 386 225-225
1034 350 1068 408 7¹

87 511 260 592 ammaque
283 509 432 591 ampkra
444 511 585 590 favebat,
608 513 634 586 5,
655 531 673 590 9
698 509 821 572 vescera
843 519 952 573 nostra
971 520 1075 574 terrens

87 608 292 687 animamque
313 605 460 668 avellitur
483 605 590 685 infans
610 620 640 666 et
662 604 729 666 sine
749 604 854 667 anima
875 607 902 680 3,
922 608 948 684 5,
969 608 1007 669 30
1027 614 1073 680 (tu

87 708 154 776 me)
173 699 344 764 vacerras
363 698 523 780 compara
543 698 611 762 mr's.
652 698 707 762 sed
728 699 843 762 Statius
864 700 1009 763 Culicem
1028 703 1073 764 le-

88 811 188 878 gerat.
223 795 313 857 cuius
332 809 426 875 poeta
446 794 575 856 forsitan
595 792 713 856 viscera
733 814 792 876 pro
812 793 918 857 anima
932 797 1072 876 posuerit

87 911 180 953 secus
192 889 356 952 intellectis
371 889 496 951 Lucreti
509 888 588 951 locis
601 889 711 968 quales
724 906 796 952 sunt
811 909 838 964 2,
852 890 909 969 963
923 891 1075 954 matermi

86 995 225 1067 corpora
248 985 285 1048 ai
305 983 444 1066 quadam
461 993 525 1065 per
547 983 671 1048 viscma
693 983 781 1062 vaira,
801 994 862 1065 per
880 993 972 1047 artus
990 985 1072 1048 solli·

87 1079 185 1142 citata
210 1081 287 1160 (quo
312 1081 385 1143 loco
411 1099 486 1140 usus
512 1096 558 1142 est
577 1079 617 1141 ad
639 1101 667 1140 v.
689 1080 769 1159 224),
797 1079 828 1156 3,
854 1079 911 1140 216
931 1079 1073 1142 ananam

80 1174 254 1254 perparvis
283 1195 348 1238 esse
372 1183 522 1238 necessest
541 1173 722 1248 samnitibus,
751 1195 869 1238 nexam
891 1184 954 1256 per
976 1195 1073 1238 venas

84 1269 212 1332 mscera
235 1289 361 1342 nervas,
386 1270 443 1331 336
465 1288 611 1333 arcemus
630 1268 718 1332 nobis
730 1279 793 1351 per
811 1270 936 1333 m'scma
954 1290 1071 1343 serastes,

86 1364 125 1426 cf.
149 1365 214 1426 300.
238 1364 303 1443 375.
337 1363 392 1426 sed
413 1363 475 1427 hoc
496 1379 541 1426 est
554 1364 717 1427 stultitiam
732 1364 777 1426 illi
790 1365 955 1447 imputare.
989 1380 1072 1428 certe

84 1458 184 1521 iocari
214 1459 340 1521 volebat
369 1459 402 1520 in
429 1459 538 1522 culicis
561 1460 751 1535 visceribus,
782 1460 871 1524 cuius
896 1461 1073 1524 intestinum

84 1553 219 1635 qrmdms
236 1553 329 1635 quale
347 1573 413 1617 esse
424 1554 651 1635 putandam?
670 1556 775 1634 (Lucr.
794 1575 824 1634 4,
849 1556 922 1633 228.)

167 1649 224 1712 1112
244 1648 340 1730 igitur
359 1649 501 1730 queritur
520 1649 609 1729 quod
630 1667 761 1730 cogatur
783 1670 802 1712 a
825 1649 972 1712 Manibus
992 1649 1072 1712 inire

87 1745 236 1822 Tartara3
250 1760 358 1808 contra
370 1744 547 1808 Patroclus:
561 1745 635 1829 τῆλε
645 1745 824 1832 μ’ἐέργουσι
835 1747 940 1829 ψυχαὶ
952 1743 1072 1808 εἴδωλα

86 1840 273 1923 καμόντων,
292 1837 369 1902 aride
385 1843 427 1922 μέ
436 1864 490 1905 πω
508 1843 685 1923 μίσγεσθαι
697 1841 780 1926 ὑπὲρ
792 1850 956 1922 ποταμοῖο
967 1839 1071 1905 ἐῶσιν.

86 1933 176 1996 unde
196 1933 331 2014 gravior,
354 1933 380 1994 si
405 1950 508 1997 totum
533 1932 679 1996 carminis
705 1948 928 2016 argumentum
951 1949 1072 2016 specta·

87 2048 176 2102 mus,
218 2027 359 2109 quaestio
400 2028 587 2110 iampridem
627 2045 727 2108 mota,
772 2049 868 2111 quam
909 2028 1073 2092 illustravit

85 2123 206 2186 Bittius
227 2122 266 2185 de
287 2123 383 2185 Ovidi
402 2122 529 2186 halieut
552 2125 584 2185 52
609 2143 665 2204 sq.,
691 2123 754 2186 hoc
777 2123 850 2187 loco
877 2145 910 2187 se
936 2126 1072 2189 inculcat

84 2218 269 2282 lectoribus.
310 2219 400 2280 culex
426 2233 554 2280 necatus
579 2233 610 2279 et
634 2237 709 2280 sane
733 2219 916 2284 inhumatus
946 2221 1072 2283 relictus

86 2328 134 2376 est
155 2333 173 2374 a
194 2327 333 2394 pastore;
360 2329 488 2394 apparet
515 2313 694 2392 dormienti,
718 2313 744 2375 si
770 2316 853 2377 ullus
877 2331 942 2378 erat
962 2315 1072 2376 inven-

85 2408 184 2470 tionis
204 2408 302 2488 lepos‚
323 2422 358 2468 ut
378 2407 458 2470 iusta
479 2408 538 2470 sibi
551 2423 680 2471 mortuo
694 2409 811 2490 flagitet
832 2426 862 2472 et
876 2409 1071 2490 sepulcrum:

87 2503 216 2566 nullum
238 2502 277 2563 de
294 2503 441 2582 sepulcro
458 2505 592 2565 verbum
612 2502 693 2582 facit,
715 2503 774 2564 nisi
789 2523 827 2565 eo
842 2503 955 2566 referas
969 2525 998 2564 v.
1013 2505 1066 2565 231

62 2653 65 2660 .
87 2597 208 2660 erastat
216 2607 284 2677 par
303 2596 442 2678 q‘fhmm
463 2599 532 2677 (414
543 2597 675 2676 fimeris
696 2597 860 2679 affiemm);
887 2600 940 2660 sed
966 2614 1072 2680 pastor

87 2713 126 2754 ex
145 2711 262 2754 somno
281 2691 447 2754 confestim
461 2692 501 2754 ad
514 2692 675 2753 tumulum
689 2693 944 2755 concinnandum
960 2694 1070 2776 pergit.

88 2804 199 2850 contra
219 2787 394 2850 inferorum
415 2787 575 2868 copiosam
590 2786 835 2868 descriptionem
849 2790 962 2852 occinit
976 2791 1072 2853 inter·

88 2881 201 2946 fectori
221 2901 295 2944 cum
315 2883 492 2945 secundum
513 2882 693 2945 Homerum
718 2896 748 2943 et
772 2883 921 2946 Aeneidis
946 2903 1071 2950 sextum

87 2977 261 3039 inhumatis
282 2978 456 3042 inferorum
476 2978 566 3040 sedes
591 2996 657 3039 non
682 2993 808 3058 pateant
828 2992 858 3040 et
884 2979 945 3041 hoc
966 2979 1070 3060 ipsum

87 3072 127 3134 sit
145 3091 203 3134 cur
215 3072 348 3154 flagitari
366 3075 465 3137 soleat
479 3071 635 3135 officium:
656 3073 759 3148 εὕδεις
781 3071 882 3160 αὐτὰρ
905 3074 991 3157 ἐμεῖο
1013 3076 1069 3139 λε-

87 3167 246 3251 λασμένος
268 3170 376 3234 ἔπλευ.
419 3169 589 3231 voluerunt
614 3167 704 3248 quasi
723 3167 902 3248 praecipere
928 3169 1069 3230 oratione

88 3263 224 3325 culicem
249 3283 330 3344 quae
354 3263 529 3327 necessario
557 3262 680 3323 visurus
704 3275 793 3333 esset,
818 3276 849 3323 at
867 3261 1070 3342 apertissimis

87 3359 191 3420 verbis
222 3358 363 3421 visorum
393 3357 506 3421 seriem
537 3371 668 3434 enarrat,
698 3371 860 3436 tamquam
890 3355 1002 3437 aliquis
1027 3356 1070 3418 Er

86 3451 268 3515 Armenius.
319 3473 400 3535 quae
430 3453 512 3514 duae
539 3471 587 3514 res
613 3466 801 3531 argumento
833 3450 1005 3514 contrariae
1037 3451 1069 3513 in

87 3567 189 3610 unum
222 3549 352 3610 collatae
384 3547 507 3611 efficere
537 3547 692 3623 videntur,
723 3548 762 3609 ab
793 3546 862 3626 ipso
892 3548 1070 3628 argumenti

87 3644 253 3706 inventore
273 3643 315 3704 ita
335 3661 403 3704 rem
423 3643 596 3705 institutam
616 3641 721 3721 fuisse,
742 3658 777 3704 ut
797 3642 887 3704 culex
909 3664 926 3705 a
947 3661 1070 3724 pastore
