2578 4242
156 1013 260 1120 Copa
280 1038 414 1116 Surisca,
436 1052 529 1118 caput
548 1056 659 1118 graeca
679 1036 824 1102 redimita
844 1037 971 1115 mitella,

188 1135 326 1215 crispum
346 1135 405 1194 sub
427 1133 546 1195 crotalo
568 1132 659 1194 docta
681 1133 919 1212 movere'latus,

149 1229 234 1292 ebria
256 1229 375 1291 famosa
394 1229 483 1290 saltat
500 1228 617 1290 ⁴lasciva
637 1230 775 1306 taberna,

187 1323 227 1385 ad
248 1324 389 1387 cubitum
410 1344 522 1387 raucos
543 1323 702 1386 excutiens
724 1324 868 1386 calamos.

149 1418 226 1500 quid
245 1419 331 1481 iuvat
351 1420 467 1481 aestivo
489 1420 648 1481 defessum
667 1420 796 1500 pulvere
816 1422 923 1482 abesse
1102 1436 1115 1478 t

188 1535 283 1596 quant
304 1513 409 1594 potius
430 1515 540 1576 bibulo
562 1515 749 1577 decubuisse
770 1520 858 1577 toro?

150 1625 222 1672 sunt
242 1609 328 1690 topia
349 1624 379 1671 et
400 1610 540 1690 kalybae‚
562 1611 675 1692 cyathi,
696 1630 775 1688 rosa,
796 1610 880 1689 tibia,
901 1611 1047 1688 chordae,

189 1721 219 1767 et
238 1705 338 1767 triclia
358 1705 516 1766 umbrosis
537 1706 649 1786 frigida
670 1704 908 1767 harundinibus.

150 1822 189 1862 en
210 1815 249 1878 et,
271 1799 427 1861 Maenalio
449 1820 529 1882 quae
550 1801 645 1880 garrit
667 1799 758 1862 dulce
779 1803 838 1862 sub
859 1814 959 1877 antro,

186 1896 301 1957 rustica
320 1894 452 1975 pastoris
473 1894 576 1956 fistula
596 1915 686 1957 more
707 1909 805 1958 sonat.

148 2007 193 2054 est
214 2007 244 2053 et
263 1982 375 2072 vappa‚'
396 1990 474 2052 cado
496 2010 598 2071 nuper
618 1991 727 2052 defusa
747 1990 861 2072 pirate,

186 2102 231 2149 est
251 2085 416 2167 strepitans
436 2106 533 2148 rauco
554 2106 717 2147 murmure
739 2085 823 2147 rivus
845 2105 958 2166 aquae;

159 2255 260 2296 Bentbitto
271 2265 318 2294 cum
326 2253 371 2293 suit
382 2252 416 2304 (B)
436 2255 541 2294 accedunt
550 2254 687 2294 Monacenees
699 2252 745 2304 (Μ).
769 2251 892 2302 inscriptum
901 2249 968 2307 Copa
978 2248 1090 2294 Eiusdem

135 2322 240 2367 Maronis
254 2319 339 2378 incipit
353 2323 382 2374 B;
412 2323 521 2364 onomius
532 2333 555 2372 p.
568 2323 595 2363 33
609 2323 645 2361 ii:
659 2319 765 2377 quamvis
783 2317 898 2376 Vergilius
916 2319 1002 2363 librum
1021 2331 1090 2362 suum

132 2393 224 2450 Cupam
243 2388 395 2445 inscripserit.
430 2401 515 2432 cannen
533 2392 634 2442 eoipmm
651 2392 735 2431 videtur
749 2395 800 2440 poet
816 2392 949 2441 Propertium
968 2391 1007 2430 sub
1028 2390 1091 2428 initio

134 2463 201 2514 Ovidi,
222 2465 249 2514 es.
271 2461 407 2506 averterem
425 2471 477 2502 mut.
499 2461 564 2502 iiim
582 2461 615 2509 4⁵,
633 2461 678 2502 313.
714 2461 797 2500 doctum
817 2459 985 2500 commentorium
1004 2459 1092 2508 scripsit

132 2533 217 2582 liuentis
232 2543 252 2571 a.
266 2531 318 2571 1820

160 2611 168 2643 t
184 2597 282 2643 suirisca
297 2599 321 2647 Β,
341 2594 427 2639 lurisca
442 2598 474 2647 M;
492 2609 566 2639 noneen
577 2599 690 2648 proprium
703 2609 747 2639 etse
760 2599 842 2638 videno
854 2609 897 2640 non
909 2599 986 2648 oentiie
999 2594 1090 2647 (Eunus

104 2669 216 2726 Syriscus
241 2669 320 2709 Aaron.
340 2669 407 2718 epioe.
421 2667 453 2716 79,
467 2669 478 2707 1
493 2668 552 2716 Scit.;
573 2664 670 2722 Frigisci
689 2665 743 2723 equi
765 2667 835 2716 Veneti
855 2671 914 2706 veter.
928 2667 948 2715 1,
960 2668 1006 2715 6,3
1026 2667 1090 2706 incer-

103 2739 198 2790 tissimo),
226 2743 251 2780 ut
274 2737 358 2777 nontine
381 2737 464 2777 noveii
488 2747 564 2787 copam
589 2739 690 2778 tabernae
713 2734 818 2778 famosae
840 2734 868 2785 (v.
882 2735 903 2784 3)
959 2733 1051 2776 metalla
1071 2735 1090 2773 B

104 2819 116 2850 2
132 2805 221 2850 crotala
235 2807 260 2844 M
323 2816 335 2862 3
354 2802 448 2848 fumosa
462 2807 486 2844 Μ
548 2817 561 2857 4
580 2807 674 2857 intelteoe
693 2805 723 2848 ad
741 2816 827 2848 raucos
846 2803 950 2847 calamos
971 2802 1006 2854 (rs.
1021 2815 1040 2843 v.
1053 2805 1088 2854 10)

103 2873 212 2920 cubitum
231 2873 358 2926 excutiens,
390 2878 453 2917 nod
468 2877 552 2917 01133
605 2885 616 2928 5
635 2875 716 2919 abesse
734 2876 824 2926 pertinet
839 2877 868 2914 ori
882 2879 933 2916 tom
984 2871 997 2916 6
1010 2871 1089 2928 potius

99 2945 211 2996 positione
228 2945 312 2984 invem
335 2936 389 2987 ἀπὸ
412 2939 503 2988 κοινοῦ
516 2945 609 2995 potitum
623 2946 675 2986 inter
689 2944 770 2988 abesse
788 2949 809 2984 et
826 2941 965 2986 decubuisse
1008 2940 1088 2984 bibulo

102 3016 141 3067 qm·
155 3015 203 3054 eino
218 3015 329 3064 consperoi
342 3016 415 3059 sonat.
449 3015 507 3055 ovid.
518 3020 558 3054 ort.
572 3017 590 3063 1,
607 3016 647 3056 133
666 3013 718 3056 vina
735 3012 824 3056 bibulas
844 3023 949 3067 sparsere
965 3011 1089 3068 Cupidinis

101 3083 153 3126 alas
220 3079 310 3138 7topia
324 3085 350 3134 cs.
365 3085 400 3124 vit.
415 3085 526 3124 Hadriani
541 3085 598 3132 10,4
651 3082 739 3127 kalibes
753 3085 779 3133 B,
797 3079 907 3136 chalybes
921 3083 954 3130 tt,-
975 3083 1001 3131 cf.
1015 3083 1091 3122 Attea.

101 3153 144 3193 517
155 3153 172 3202 f
220 3149 233 3195 8
247 3150 329 3204 triclya
339 3154 367 3201 M,
381 3150 470 3195 triaclia
480 3153 504 3202 B,
518 3155 544 3204 cf.
561 3153 639 3193 alh.
649 3155 680 3203 14,
694 3149 840 3203 territorias,
854 3153 922 3192 rotet
937 3153 963 3194 13
976 3149 999 3192 in
1014 3149 1089 3194 triclia

101 3219 251 3274 sarcophaga
266 3216 287 3263 ἧ.
303 3214 344 3271 111;
359 3219 441 3260 oiioin
456 3222 527 3262 lexicis
566 3221 656 3265 umbris
670 3225 689 3262 B
724 3225 750 3274 cs.
765 3224 815 3263 Aen.
829 3223 848 3271 3,
860 3223 886 3262 tl
938 3231 993 3276 9en
1008 3223 1034 3272 cs.
1044 3221 1089 3261 Seu.

102 3292 154 3331 Oed
168 3291 220 3330 1013
233 3287 313 3332 matris
328 3301 356 3330 en
372 3287 451 3331 matris
465 3301 546 3344 sonus,
566 3295 628 3343 prop.
641 3295 661 3344 2,
674 3295 707 3343 13,
719 3295 745 3332 tt
759 3288 848 3333 vidistis
862 3295 913 3332 toto
928 3287 1019 3332 sonitus
1033 3301 1088 3345 per·

99 3369 198 3403 currere
220 3357 292 3412 cae10‚
313 3359 360 3400 aiio
380 3359 426 3399 Seu.
448 3363 528 3409 trapi
545 3372 568 3412 p.
582 3364 627 3412 111,
653 3366 674 3402 et
698 3363 758 3412 apud
781 3371 870 3412 praeces
888 3365 964 3410 poetae
987 3362 1088 3410 frequens

98 3419 250 3490 μετάληψις
263 3418 408 3482 αἰσθήσεως
421 3423 492 3477 belot.
501 3429 551 3470 Eur.
561 3431 611 3471 Her.
617 3431 656 3474 174
663 3431 700 3482 s),
710 3435 735 3473 ut
749 3420 849 3472 κτύπον
861 3419 987 3490 δέδορκα,
1001 3420 1087 3489 (ὄψει)

98 3487 197 3558 κρότον
208 3487 308 3558 χειρῶν
321 3487 405 3539 πολύν
447 3499 530 3539 rustica
535 3501 618 3550 fistulo,
634 3511 687 3552 qaae
696 3500 804 3540 Maenalio
814 3501 853 3540 eut
863 3503 927 3538 antro
937 3500 998 3539 dulce
1010 3501 1088 3549 poerit,

97 3568 136 3608 itio
146 3569 242 3616 postoris
256 3577 311 3607 neore
323 3571 388 3607 sonat
401 3568 413 3606 i
427 3579 444 3608 e.
460 3579 503 3607 non
516 3568 641 3610 dukbaime.
668 3580 733 3620 neque
747 3569 786 3610 loo
801 3569 854 3618 ipsa
868 3577 921 3617 copo
934 3578 998 3618 neque
1016 3568 1087 3608 vinum

97 3645 198 3686 vappam
216 3637 298 3676 dicerit
326 3632 370 3678 nisi
385 3641 500 3679 mutatum
514 3634 588 3693 parcit
603 3636 733 3681 defundere
751 3635 831 3680 vinum
852 3637 927 3678 Horat.
941 3642 982 3678 eat.
996 3639 1015 3687 2,
1028 3639 1048 3687 2,
1061 3639 1087 3678 58

100 3715 124 3748 11
142 3709 177 3747 est
191 3716 229 3746 om.
247 3706 270 3744 tt

893 3790 931 3844 8*
