2600 4242
541 319 646 369 CVLEX

100 507 191 570 ardet
210 520 326 583 mente,
347 503 419 567 furit
439 503 635 579 stridoribus,
656 505 778 568 intonat
796 525 862 582 ore;

101 601 234 663 flexibus
255 600 368 662 eversis
388 614 553 680 torquetur
573 599 714 680 corporis
735 600 829 677 orbis,

104 710 232 758 manant
251 695 441 776 sanguineae
462 714 518 776 per
536 710 652 757 tractus
673 694 814 774 undique
834 709 954 774 guttae;

102 790 263 874 spiritibus
284 790 402 872 rumpit
422 789 541 852 fauces:
579 789 630 852 cui
650 805 763 852 cuncta
783 789 904 870 paranti

103 885 253 967 parvulus
272 885 358 946 hunc
378 884 466 965 prior
485 884 605 946 umoris
626 898 783 946 conterret
802 884 950 946 alumnus

105 995 135 1042 et
155 995 292 1042 mortem
312 979 408 1041 vitare
430 993 539 1041 monet
556 998 613 1059 per
632 979 792 1056 acumina;
813 997 950 1059 namque

102 1095 168 1157 qua
188 1074 315 1137 diducta
335 1093 430 1154 genas
451 1074 630 1155 pandebant
649 1074 771 1135 lumina
790 1073 935 1154 gemmis,

104 1171 165 1232 hac
184 1168 316 1231 senioris
337 1184 401 1230 erat
422 1182 550 1229 naturae
571 1166 691 1248 pupula
711 1166 775 1229 telo

105 1265 167 1326 icta
186 1263 257 1340 levi,
278 1282 352 1324 cum
371 1261 517 1343 prosiluit
536 1261 727 1324 furibundus
748 1276 780 1323 et
798 1262 890 1324 illum

105 1359 260 1424 obtritum
279 1357 375 1420 morti
395 1357 488 1435 misit,
510 1357 561 1418 cui
581 1356 706 1419 dissitus
727 1356 831 1418 omnis

103 1454 233 1537 spiritus
253 1453 385 1515 excessit
403 1470 522 1529 sensus,
546 1466 615 1513 tum
637 1465 727 1512 torva
747 1465 907 1514 tenentem

71 1577 84 1649 (
105 1550 229 1612 lumina
247 1547 383 1629 respexit
402 1561 580 1627 serpentem
600 1545 789 1624 comminus,
810 1545 883 1608 inde

105 1644 251 1724 impiger,
272 1642 435 1705 exanimus
456 1642 507 1703 vix
528 1660 660 1722 compos
681 1657 796 1720 mente,
816 1641 933 1722 refugit

105 1754 138 1801 et
157 1739 299 1800 validum
320 1739 428 1800 dextra
447 1752 596 1798 truncum
616 1735 749 1798 detraxit
768 1739 807 1798 ab
828 1755 923 1812 orno;

107 1833 161 1895 cui
181 1852 270 1894 casus
290 1832 415 1894 sociarit
435 1850 530 1912 opem
551 1850 710 1892 numenve
731 1830 875 1908 deorum,

106 1928 243 2010 prodere
263 1927 302 1989 sit
322 1927 467 2004 dubium,
487 1925 585 1988 valuit
605 1924 662 1987 sed
680 1923 805 1987 vincere
825 1925 895 1988 talis

106 2022 238 2086 horrida
257 2022 420 2103 squamosi
439 2021 597 2084 volventia
618 2021 761 2083 membra
782 2021 936 2098 draconis,

107 2133 204 2200 atque
224 2118 403 2181 reluctantis
424 2117 540 2180 crebris
561 2116 718 2197 foedeque
739 2114 872 2196 petentis

108 2214 224 2276 ictibus
244 2233 314 2275 ossa
334 2212 413 2291 ferit,
438 2213 568 2293 cingunt
589 2232 652 2293 qua
671 2226 815 2293 tempora
835 2211 959 2289 cristae;

108 2324 140 2371 et
161 2309 250 2390 quod
270 2323 335 2371 erat
353 2308 461 2383 virtus,
482 2307 571 2369 omni
594 2308 747 2388 languore
768 2321 902 2380 remoto,

106 2423 167 2466 nec
187 2403 275 2485 prius
295 2402 447 2484 aspiciens
466 2401 563 2465 timor
582 2405 805 2464 obcaecaverat
825 2415 919 2477 artus,

108 2500 172 2563 hoc
192 2499 299 2560 minus
319 2497 474 2580 implicuit
493 2497 562 2558 dira
581 2496 751 2558 formidine
772 2510 921 2557 mentem.

109 2612 208 2674 quem
227 2607 395 2674 postquam
415 2592 493 2654 vidit
513 2611 639 2654 caesum
659 2593 871 2672 languescere,
891 2589 978 2652 sedit.

74 2701 84 2749 t
188 2689 255 2750 lam
274 2688 375 2769 quatit
395 2703 425 2749 et
445 2686 559 2767 biiugis
580 2688 685 2749 oriens
703 2684 832 2748 Erebeis
853 2704 952 2766 equos
971 2685 1043 2747 Nox

107 2799 140 2845 et
160 2783 250 2864 piger
269 2799 377 2846 aurata
397 2783 539 2865 procedit
556 2783 676 2863 Vesper
696 2783 735 2843 ab
757 2781 846 2859 Oeta,

108 2897 184 2941 cum
205 2897 300 2959 grege
322 2877 488 2959 compulso
509 2892 615 2956 pastor
635 2876 868 2957 duplicantibus
888 2874 1009 2937 umbris

107 2973 195 3035 vadit
216 2988 246 3035 et
265 2971 298 3034 in
319 2971 416 3034 fessos
437 2971 581 3053 requiem
601 2972 674 3033 dare
696 2985 858 3052 comparat
877 2986 970 3034 artus.
1088 2989 1128 3033 aas

107 3068 200 3132 cuius
221 3081 256 3128 ut
275 3066 400 3128 intravit
419 3065 519 3129 levior
539 3085 595 3146 per
615 3085 749 3148 corpora
768 3085 899 3128 somnus

107 3161 323 3242 languidaque
344 3161 444 3224 effuso
464 3161 648 3242 requierunt
669 3162 812 3223 membra
832 3179 956 3241 sopore,

106 3257 231 3338 effigies
252 3257 292 3318 ad
312 3276 386 3318 eurn
408 3255 514 3318 culicis
534 3255 661 3318 devenit
681 3270 712 3318 et
731 3254 776 3316 illi

107 3353 202 3415 tristis
223 3353 262 3413 ab
284 3367 397 3414 eventu
419 3350 531 3414 cecinit
551 3351 692 3413 convicia
712 3348 830 3412 mortis.

162 3594 201 3640 186
214 3607 239 3640 se
254 3594 327 3638 moris
374 3594 412 3648 187
424 3593 486 3638 iacta
532 3604 569 3650 ¹92
581 3604 621 3637 ore
664 3590 757 3649 193qui
803 3589 901 3635 sociaret
942 3600 978 3647 ¹9⁴
992 3589 1065 3634 voluit

134 3665 192 3708 tales
234 3662 380 3721 197crisnm
421 3662 457 3721 198
470 3660 551 3706 tardus
592 3673 630 3718 199
642 3659 737 3705 nescius
750 3658 866 3716 aspiciens
