2578 4242
219 323 260 400 64
580 317 843 365 COMMENTARIVS

220 500 424 564 Woelfflinus
446 499 543 560 archii
558 499 606 560 sui
619 499 682 561 vol.
696 500 724 577 6,
737 500 797 579 466
818 515 848 562 et
861 518 889 579 7,
907 518 971 577 117,
992 499 1031 561 cl.
1045 499 1217 562 Hartelius

220 594 295 656 ibid.
318 596 344 673 3,
364 614 412 674 44
453 594 535 656 milei
556 593 737 662 mazbrstic
760 604 837 657 natu
857 593 1017 672 Sidonius,
1041 593 1102 656 tibi
1118 615 1218 658 neme

215 690 310 770 prior
324 690 506 768 Venantius,
521 689 573 752 alii
587 689 660 765 alia;
675 689 882 752 memorabile
897 689 1081 770 exemplum
1095 688 1216 768 Solini,

220 786 275 866 qui
307 786 394 866 quod
425 784 546 847 Plinius
576 785 728 865 praeierat
754 784 864 848 Padus
888 818 927 829 ·-
952 781 1038 847 nullo
1064 784 1217 848 amnaem

220 879 363 946 claritate
383 879 520 959 vestrior
539 880 612 958 (nat.
633 880 703 942 hist.
726 881 752 958 3,
778 881 842 958 117)
867 879 911 940 sic
934 877 1071 940 reddidit
1093 895 1129 941 ut
1150 899 1215 960 pro

220 969 364 1039 ablativo¹
380 991 510 1056 poneret
522 973 604 1037 nulli
622 976 659 1053 (2,
675 977 711 1036 25
733 994 763 1055 p.
776 995 825 1054 41,
839 991 858 1052 7
873 973 936 1051 Μ.).
982 992 1091 1034 rursus
1112 973 1216 1055 igitur

220 1070 390 1134 locutionis
410 1070 530 1133 alienae
550 1072 590 1132 ab
611 1071 734 1131 urbano
754 1088 911 1146 sermone,
934 1086 1033 1130 nona
1049 1068 1215 1148 populari,

220 1167 449 1228 documentum
469 1165 561 1227 nobis
585 1164 712 1228 tradidit
732 1178 825 1244 poeta
843 1163 876 1224 in
890 1163 979 1243 poesi
992 1177 1098 1224 vetere
1114 1177 1150 1224 ut
1163 1163 1215 1224 vi-

221 1259 312 1322 detur
325 1259 470 1335 unicum3
494 1267 598 1339 neque
619 1279 655 1322 ea
675 1279 752 1320 usus
773 1273 819 1320 est
839 1258 906 1320 sine
926 1255 1025 1318 solitis
1046 1258 1214 1338 composi-

219 1353 314 1415 tionis
326 1354 487 1432 molestiis,
497 1354 524 1415 si
535 1353 665 1434 quidem
675 1355 808 1415 alterum
819 1370 1001 1434 pronomen
1007 1349 1090 1414 hunc
1100 1353 1142 1414 ad
1153 1373 1214 1433 pa-

221 1448 313 1510 storis
326 1467 495 1529 personam
509 1449 672 1511 audientes
686 1447 780 1509 trahit
793 1464 963 1529 antequam
975 1445 1215 1527 comparativus

221 1564 239 1605 a
266 1561 331 1623 quo
358 1542 478 1604 dativus
503 1543 638 1623 pendeat
661 1542 701 1604 ad
731 1561 822 1604 aures
847 1543 980 1619 venerit;
1011 1561 1086 1604 nam
1120 1541 1211 1622 quod
1275 1593 1276 1624 ,

213 1638 375 1719 parvulus
399 1638 520 1700 ueteris
544 1637 691 1700 alumnus
716 1636 858 1698 medium
884 1636 1021 1699 adsumit
1042 1655 1214 1716 compara-

221 1732 331 1812 tivum,
356 1733 388 1794 id
408 1751 610 1814 nequaquam
632 1732 763 1800 moleste
784 1731 828 1794 fit.

142 1841 221 1894 tarsa.
300 1828 360 1891 Hic
385 1821 418 1890 in
443 1827 511 1909 ipso
537 1825 715 1907 argumenti
739 1825 920 1888 discrimine
951 1825 1054 1886 brevis
1081 1841 1113 1887 ct
1137 1845 1214 1888 suc-

222 1923 322 1984 cincta
351 1940 381 1985 et
404 1942 510 2004 pressa
535 1922 570 1984 fit
595 1921 742 1999 narratio,
773 1939 839 1984 uno
871 1920 1003 1982 circuitu
1030 1919 1088 1982 ista
1120 1941 1213 1983 com-

220 2017 434 2096 prehendens:
455 2037 590 2098 namque
602 2015 724 2098 pupula
744 2015 806 2078 icta
824 2024 903 2087 erat,
924 2033 994 2077 cum
1010 2014 1164 2094 prosiluit
1182 2025 1217 2078 et

221 2110 310 2173 illum
330 2111 427 2172 morti
444 2111 536 2185 mabit,
558 2121 623 2173 tum
641 2118 814 2191 serpentem
827 2108 973 2190 respexit,
994 2108 1067 2171 abde
1087 2111 1215 2192 repiegit

221 2214 252 2267 et
273 2213 417 2267 &uncum
444 2206 596 2280 detraxit;
624 2222 694 2267 tum
720 2205 850 2266 demum
880 2203 1021 2266 consistit
1046 2205 1151 2267 oratio
1178 2220 1214 2266 et

222 2299 397 2380 requiescit.
443 2299 587 2363 brevitati
612 2316 718 2361 autern
744 2298 876 2361 consilio
902 2314 932 2359 et
958 2313 1022 2359 arte
1047 2298 1212 2362 institutae

221 2416 288 2458 non
308 2396 526 2477 suppeditabat
551 2394 697 2456 facundia
720 2410 845 2476 poetae:
877 2411 942 2473 quo
968 2393 1067 2473 magis
1092 2414 1214 2456 caven·
1277 2443 1278 2460 t

222 2492 299 2554 dum
325 2513 364 2554 ne
390 2491 539 2555 elaborati
563 2489 716 2552 sermonis
744 2489 838 2550 nimis
863 2488 1002 2569 quaesita
1020 2489 1213 2568 proprietas,

221 2588 284 2649 sive
304 2588 358 2649 illa
378 2585 596 2668 improprietas
617 2585 664 2663 sit,
690 2585 838 2646 elabatur.
879 2603 994 2664 nempe
1011 2585 1154 2663 peccavit
1173 2585 1210 2646 in

221 2701 259 2743 eo
281 2682 368 2762 quod
389 2680 508 2742 lumina
527 2679 616 2760 quasi
637 2698 807 2740 commune
821 2678 1014 2740 vocabulum
1033 2679 1209 2742 oculorum

220 2775 334 2855 posuit,
350 2794 454 2854 genas
467 2789 497 2836 et
510 2793 659 2854 gemmas
672 2773 818 2853 partium,
843 2773 1066 2853 palpebrarum
1086 2775 1213 2837 scilicet

220 2869 413 2945 (Ennianum
426 2868 558 2949 pandite
577 2866 667 2929 sultis
680 2888 785 2949 genas
804 2866 906 2930 attulit
925 2866 1072 2946 Scaliger)
1094 2884 1125 2930 et
1144 2889 1210 2950 pu·

220 2963 382 3044 pillarum3
407 2963 444 3024 ci.
467 2961 600 3024 Ovidius
621 2978 693 3024 met.
720 2983 742 3036 1,
764 2981 820 3042 722
841 2960 975 3023 caudam
989 2961 1128 3042 gemmis
1146 2964 1210 3026 im-

212 3057 281 3138 plet
298 3077 371 3120 cum
387 3057 490 3119 Plinio
504 3072 566 3118 nat.
581 3057 651 3118 hist.
670 3059 712 3134 13,
733 3058 771 3136 96
790 3067 948 3136 pavonum
969 3055 1088 3118 caudae
1107 3058 1207 3134 oculi;

218 3157 256 3215 Α.
269 3153 303 3215 L.
315 3173 382 3231 712,
400 3173 434 3214 10
445 3153 482 3213 R.
495 3151 669 3232 (Apuleius)
687 3161 718 3213 et
722 3150 918 3231 pupularum
930 3149 1047 3214 nittilas
1054 3151 1211 3232 gemenas

213 3248 403 3330 gemmulas.
449 3247 534 3310 oculi
558 3247 653 3327 igitur
678 3246 863 3308 dormientis
893 3246 1057 3326 palpebras
1083 3248 1211 3327 pande-

220 3348 295 3406 bant
313 3343 449 3425 pupillis,
470 3343 587 3404 scilicet
602 3357 636 3403 ut
649 3341 757 3422 gracili
772 3341 879 3403 culicis
894 3340 1038 3402 acumine
1060 3343 1205 3424 contingi

219 3438 357 3519 pupillae
381 3452 524 3519 possent;
555 3445 686 3499 ‘constat
711 3456 787 3516 ergo
807 3451 967 3516 pastorem
987 3435 1084 3497 ictum
1106 3437 1205 3500 fuisse

220 3553 256 3595 ea
276 3549 362 3613 parte
384 3552 446 3613 qua
466 3533 545 3594 ictus
569 3532 716 3594 facillime
741 3531 882 3608 sentitur,
907 3549 1021 3611 nempe
1047 3531 1103 3592 ubi
1124 3551 1205 3593 ocu-

218 3629 325 3690 lorum
352 3628 467 3706 anguli,
500 3627 555 3707 qui
586 3628 625 3687 ad
655 3643 799 3705 tempora
829 3641 911 3704 sunt,
942 3625 1107 3689 conivent'.
1157 3626 1206 3688 sic
