2578 4242
237 309 275 370 92
594 283 854 339 conrnnnmmvs

237 469 395 551 Vergilius
417 471 497 532 Aen.
523 491 546 539 1,
571 473 622 533 115
644 481 824 552 pronasque
849 466 1004 552 magester
1024 471 1166 535 valvimr
1190 473 1233 536 in

237 575 337 646 caput,
357 574 411 627 ast
425 564 515 628 illam
528 573 577 628 ter
587 564 707 651 fluctus
719 559 833 630 ibidem
845 575 971 651 ¹torquet
979 579 1078 649 agens
1091 566 1232 630 circum.

237 660 278 722 ad
291 660 469 723 Telamona
488 660 583 741 igitur
602 661 667 722 sive
683 660 817 742 pertinet
833 661 916 724 hunc
934 660 1044 742 rapuit
1050 661 1139 740 ferit
1157 661 1231 726 sive

228 755 316 838 ferit
332 765 385 819 ast
400 755 474 834 sive,
494 755 582 836 quod
602 756 636 817 in
650 755 805 818 Vossiano
826 767 872 819 est
892 768 922 818 et
940 757 1131 837 aScaligero
1154 777 1230 822 non

238 862 308 931 apte
329 850 504 928 defensum,
520 849 652 929 feritas,
676 850 813 916 detero
838 851 970 913 nomine
998 863 1064 913 non
1088 867 1229 916 constat.

238 945 411 1008 Periboeae
438 959 520 1008 certe
546 957 674 1022 nomen,
701 945 788 1026 quod
813 945 877 1007 iam
901 957 1063 1026 receptum
1087 949 1127 1008 ab
1150 965 1230 1010 om-

238 1041 331 1104 nibus
353 1056 390 1102 ex
405 1040 570 1102 Schraderi
591 1041 726 1120 (emend.
741 1057 771 1122 p.
786 1043 833 1119 25)
854 1053 885 1104 et
901 1034 1019 1124 Heynii
1039 1042 1228 1106 coniectura

237 1137 328 1218 quasi
353 1151 447 1199 suum
473 1136 581 1198 locum
606 1135 736 1214 obtinet,
767 1136 893 1198 tolerari
918 1149 985 1198 non
1010 1150 1120 1217 potest,
1152 1154 1227 1199 non

238 1243 302 1294 tam
323 1243 452 1312 propter
472 1229 634 1293 metricam
652 1229 800 1293 duritiem
821 1249 919 1312 quam
939 1231 1103 1293 illustravit
1115 1231 1227 1294 Lach-

237 1339 373 1387 mannus
398 1325 438 1386 ad
464 1325 556 1387 Lucr.
578 1345 607 1406 p.
634 1327 696 1404 163,
722 1339 819 1407 quam
845 1324 934 1406 quod
964 1335 1121 1406 nusquam
1149 1339 1225 1388 eam

238 1421 373 1501 legimus
393 1419 524 1482 calidius
548 1435 602 1482 aut
618 1420 835 1483 vehementius
855 1412 1063 1483 aTelamone
1083 1433 1225 1483 amatam

238 1535 314 1595 esse,
351 1516 430 1578 nihil
460 1514 571 1578 fortius
603 1535 699 1597 quam
731 1520 772 1602 ἢν
803 1506 903 1592 αὐτὸς
937 1516 1086 1600 ἐβούλετο
1123 1518 1225 1602 ἔγημε

238 1615 415 1696 Περίβοιαν
436 1613 494 1698 τήν
507 1611 675 1676 Ἀλκάθου
699 1611 858 1692 [Xenoph.
879 1629 988 1692 cyneg.
1014 1633 1037 1689 1,
1057 1613 1102 1692 9);
1131 1612 1225 1692 atqui

237 1706 347 1788 rapuit
364 1707 413 1786 (cf.
434 1706 527 1769 Ovid.
548 1707 614 1768 her.
634 1725 664 1785 4,
684 1706 724 1786 64
742 1724 792 1767 ate
811 1714 866 1768 taa
880 1706 998 1784 forem
1017 1705 1108 1786 capit,
1127 1715 1224 1788 capta

230 1810 365 1882 parente
397 1818 506 1865 sorar:
547 1799 710 1864 Theseides
745 1799 938 1882 Theseusque
971 1793 1052 1863 duas
1083 1809 1224 1881 rapuere

236 1898 372 1975 sorores)
397 1909 464 1958 non
488 1896 555 1958 sine
580 1895 712 1959 consilio
732 1895 818 1978 poni,
839 1895 963 1960 amavit
979 1895 1101 1977 opponi
1121 1907 1223 1977 patet:

237 1992 403 2054 hominem
424 1990 512 2072 quod
532 1990 591 2052 dea
604 1990 728 2064 amavit,
751 1989 784 2052 id
797 1990 869 2052 satis
884 2002 930 2052 est
943 1991 984 2054 ad
997 1984 1221 2053 declarandam

237 2081 369 2148 Veneris
382 2082 457 2164 vim,
475 2083 597 2148 virtutis
610 2085 792 2159 efficaciam,
806 2085 938 2147 honoris
952 2085 1221 2166 magnitudinem
1287 2139 1288 2142 ,

237 2182 372 2243 alterum
392 2189 473 2262 quae
493 2181 606 2262 rapuit,
631 2201 669 2243 ea
693 2200 752 2244 suo
778 2179 908 2243 nomine
934 2180 1099 2243 ostendere
1128 2181 1222 2244 debet
1286 2189 1287 2192 ’

237 2291 269 2340 et
305 2275 522 2339 fortitudinem
556 2276 614 2337 viti
648 2290 679 2338 et
708 2276 824 2338 amoris
852 2271 1094 2338 vehementiam.
1143 2297 1221 2357 ergo

237 2371 465 2453 quodcumque
478 2385 598 2434 nomen
610 2370 764 2453 posueris,
779 2370 935 2434 Periboea
947 2370 1089 2435 Heszana
1108 2369 1220 2443 Troasa

236 2479 303 2530 non
327 2467 461 2530 sufficiet
485 2465 671 2542 sententiam
702 2485 738 2528 ac
763 2466 863 2529 multo
891 2465 1006 2528 melior
1035 2480 1082 2528 est
1106 2465 1218 2528 Bembi

236 2549 416 2628 coniectura
435 2561 517 2626 hanc
536 2561 646 2642 rapuit
661 2579 767 2634 serva,
787 2561 1001 2643 quippe-quae
1021 2575 1052 2624 et
1066 2576 1218 2642 magnum

235 2674 379 2718 amorem
413 2656 557 2719 ostendat
587 2669 617 2718 et
647 2655 866 2738 appellationis
896 2673 996 2736 genus
1024 2651 1154 2718 Nereidi
1185 2669 1216 2718 ut

237 2763 438 2836 expectamus
462 2750 665 2814 contrarium.
707 2749 763 2814 aed
788 2747 951 2813 nonsatis
981 2746 1086 2832 ipsum
1111 2769 1215 2813 servae

236 2859 356 2908 nomen
375 2845 523 2908 virtutem
547 2845 592 2907 eri
617 2845 763 2908 bellicam
788 2845 929 2924 illustrat,
953 2845 1026 2908 aatls
1050 2845 1215 2908 illustraret

236 2955 356 3005 nomen
376 2939 524 3023 captivae,
543 2939 702 3021 siquidem
716 2941 891 3004 Hesionam
911 2942 950 3002 ab
966 2939 1104 3003 Hercule
1125 2945 1214 3026 γέρας

235 3037 371 3100 Telamo
398 3036 517 3117 accepit
538 3035 654 3116 (Apoll.
676 3037 703 3114 3,
728 3055 770 3109 12,
791 3049 823 3115 ας
853 3035 996 3121 ἀριστεῖα
1020 3031 1101 3098 Xan.
1128 3035 1148 3098 l.
1169 3038 1213 3114 s.);

235 3131 355 3214 optime
370 3131 550 3195 conveniret
567 3129 651 3193 hanc
661 3130 771 3211 rapuit
780 3128 917 3212 praeda,
937 3137 990 3194 ast
998 3129 1090 3193 illum
1101 3129 1214 3193 Nereis

234 3225 378 3299 amavit„
402 3227 457 3288 sed
487 3246 554 3289 non
583 3225 655 3287 satis
685 3224 858 3288 concinunt
890 3225 1010 3289 litterae
1040 3237 1211 3306 corruptae.

230 3319 356 3401 praeda
370 3321 408 3383 ef.
420 3321 485 3384 356.
506 3322 579 3384 Sen.
590 3319 667 3382 Tro.
678 3337 750 3399 9²23
764 3319 888 3383 Brixius
903 3319 943 3382 ad
957 3319 1058 3382 Plaut.
1069 3319 1137 3382 Mil.
1146 3319 1209 3399 458.

157 3428 274 3500 totta-e
295 3415 388 3478 Pelea
413 3428 443 3478 et
465 3415 641 3478 Telamona
666 3415 826 3496 excipiunt
850 3413 906 3478 filii
930 3412 1053 3476 nobiles
1077 3414 1209 3476 Achilles

236 3523 266 3570 et
285 3509 380 3588 Aiax;
405 3523 544 3590 quotum
570 3510 609 3572 de
633 3510 732 3573 altero
758 3524 881 3572 tantum
907 3509 959 3572 hic
981 3510 1078 3571 verba
1098 3509 1166 3572 fieri
1184 3523 1209 3569 et

235 3603 393 3666 Achillem
417 3622 445 3665 v.
467 3605 522 3666 323
550 3603 680 3666 demum
711 3604 882 3667 memorari
909 3603 960 3666 vix
990 3602 1142 3668 credibile
1170 3615 1208 3666 est
