2578 4242
216 375 256 434 70
576 350 835 399 cottuauraruvs

216 557 289 600 cum
314 534 440 617 capellis
466 534 599 596 domum
625 535 726 596 redire
750 533 846 596 refert
866 548 896 595 et
921 533 960 594 ad
985 533 1209 596 dormientem

163 651 203 696 205
218 631 364 694 devenire
398 628 505 692 culicis
542 629 722 710 imaginem.
777 628 816 690 de
849 648 877 689 v.
913 631 968 689 205
1002 627 1122 690 dictum
1163 629 1207 690 ad
1284 675 1285 680 η

164 748 244 794 2οο11.
266 746 318 807 92;
338 726 377 788 de
398 747 426 786 v.
446 725 503 787 206
524 723 562 787 cf.
584 725 623 787 ad
643 746 672 786 v.
696 725 749 786 158
767 744 813 805 sq.
853 741 984 784 somnus
1004 741 1062 803 per
1082 742 1226 803 corpus·

216 822 346 884 diffusus
359 840 508 902 soporem
522 839 578 900 per
592 820 734 881 membra
748 817 894 895 effundit;
915 816 1081 878 Lucretius
1093 837 1122 896 4,
1141 837 1205 896 907

213 937 340 980 sannas
365 925 427 996 par
455 914 599 978 membra
629 914 759 995 quatern
789 913 913 994 irrigat
939 913 1029 990 (Aen.
1058 913 1090 990 3,
1121 913 1206 992 511),

214 1012 397 1094 Lygdamus
426 1030 460 1090 4,
495 1011 529 1072 81
567 1009 703 1090 ignom
736 1007 870 1090 defluxit
899 1015 1028 1089 corpora
1060 1026 1202 1070 ramnus.

215 1106 408 1170 constructio
438 1104 526 1167 verbi
552 1103 637 1186 quali
663 1103 811 1166 Manilius
837 1103 936 1165 utitur
962 1104 994 1181 3,
1019 1121 1036 1163 2
1062 1121 1117 1164 nec
1134 1112 1205 1182 per

211 1202 387 1264 ‘incrassat
421 1207 602 1262 metuentem
635 1197 786 1261 invadere
817 1197 925 1261 salars.
985 1195 1092 1259 nescio
1126 1197 1202 1278 quis
1284 1255 1285 1258 ,

210 1283 286 1357 ante
311 1295 402 1356 illum
431 1308 497 1356 tam
527 1309 670 1355 accurate
700 1293 884 1374 expresserit
904 1291 1075 1355 Homerica
1103 1298 1140 1355 Ψ
1161 1293 1202 1354 62
1284 1339 1285 1382 t

214 1384 284 1456 εὖτε
312 1389 371 1454 τδν
397 1391 501 1463 ὕπνος
527 1388 682 1476 ἔμαρπτε,
716 1388 803 1453 λύων
834 1387 1039 1474 μελεδήματα
1073 1388 1200 1469 θυμοῦ,
1284 1385 1285 1448 l

213 1484 357 1568 νήδυμος
382 1483 702 1569 δμῳτχυθελς·μάλα
728 1482 788 1567 γὰρ
816 1484 896 1566 κάμε
928 1483 1072 1568 φαίδιμα
1099 1492 1200 1561 γαΐα·

213 1570 297 1665 ἦλθε
329 1578 417 1643 aaut
445 1579 536 1666 ψυχὴ
564 1577 772 1663 Πατροκλῆος
800 1577 935 1654 δειλοῖο,
968 1597 1048 1658 quae
1075 1576 1201 1657 etipsa
1282 1566 1283 1596 ¹

161 1691 201 1737 aas
215 1672 356 1737 convicia
380 1672 453 1735 facit
477 1671 656 1735 dormienti.
705 1693 733 1732 v.
748 1673 804 1734 208
829 1693 910 1754 quae
939 1671 1006 1734 sine
1037 1691 1130 1733 causa
1161 1671 1198 1732 lit

214 1769 343 1831 variatio
371 1768 570 1848 pronominis
595 1767 813 1848 quaestionem
837 1783 963 1830 moveat
986 1786 1026 1828 an
1047 1765 1101 1828 illa
1121 1766 1199 1828 scri·

215 1865 356 1927 bendum
382 1863 433 1940 sit;
463 1863 518 1926 sed
544 1863 632 1944 quod
659 1863 692 1924 in
718 1862 848 1925 cultiore
878 1881 1025 1924 sermone
1058 1861 1199 1924 offendat

214 1959 285 2021 satis
316 1973 434 2020 tutatur
459 1957 561 2020 Plauti
591 1957 787 2038 exemplum,
819 1957 873 2038 qui
903 1957 975 2018 talia
1004 1957 1197 2038 frequentat:

215 2053 243 2115 is
268 2073 318 2114 me
343 2051 434 2125 adc'it,
465 2071 541 2114 narn
567 2050 655 2114 illurn
677 2052 808 2133 prodire
831 2051 930 2132 pudet
953 2052 987 2114 in
1006 2061 1197 2132 conspectam

162 2155 298 2208 amtuarn
321 2147 425 2224 (Most.
450 2149 542 2226 1155).
581 2168 609 2208 v.
629 2166 687 2227 ²09
712 2163 782 2209 utut
807 2149 902 2208 verba
927 2147 1102 2226 collocavit,
1133 2148 1196 2210 hoc

215 2241 315 2303 voluit
334 2256 440 2322 poeta:
466 2243 505 2303 ab
527 2257 640 2303 eventu
667 2241 760 2302 tristis
780 2242 890 2304 mortis
910 2243 1053 2305 convicia
1074 2242 1195 2305 cecinit.

162 2356 202 2401 rto
294 2337 329 2398 ln
342 2336 482 2416 ipsarum
497 2334 604 2396 culicis
618 2337 828 2416 querellarum
843 2336 933 2398 initio
947 2356 1040 2399 v.210
1051 2336 1195 2418 Heynius

216 2431 469 2493 emendationem
489 2429 620 2512 perfecit
636 2433 676 2492 ab
691 2431 773 2492 ltalis
787 2447 818 2493 et
830 2432 990 2512 Scaligero
1004 2432 1194 2494 incohatam.

166 2544 205 2590 212
218 2546 274 2606 per
294 2526 398 2589 inania
418 2525 537 2606 rapitur
550 2547 577 2587 v.
596 2544 652 2587 212
667 2526 714 2603 (cf.
729 2530 808 2587 Aen.
829 2545 870 2603 12,
885 2527 942 2608 906
955 2542 987 2588 et
999 2527 1027 2605 6,
1041 2527 1107 2606 269.
1123 2545 1193 2606 74o;

215 2621 290 2683 Stat.
317 2621 419 2682 Theb.
447 2642 469 2698 1,
496 2621 552 2682 310
575 2619 723 2682 sublimes
747 2622 864 2701 raptim
882 2631 944 2702 per
963 2622 1056 2684 inane
1074 2621 1196 2683 valatzcs

215 2715 335 2795 carpit),
356 2715 503 2778 etanta
524 2714 653 2795 quidem
673 2715 800 2796 rapitur,
822 2716 860 2778 de
882 2735 946 2797 quo
966 2716 1124 2778 vocabulo
1139 2715 1194 2776 du·
1282 2757 1283 2768 .

216 2808 348 2870 bitatum
374 2825 428 2887 est,
458 2824 493 2870 ut
516 2809 583 2870 sine
609 2808 762 2872 adiectivo
789 2811 946 2891 Vergilius
970 2815 1050 2872 Aen.
1076 2831 1111 2890 4,
1140 2812 1190 2874 381

215 2900 313 2963 venta
334 2911 405 2981 pate
435 2923 551 2986 regna,
578 2904 725 2965 Manilius
752 2909 784 2977 5,
809 2925 848 2985 42
872 2906 1029 2986 ventisque
1051 2917 1196 2987 sequemr

216 2995 390 3057 Fartanam
415 2998 453 3060 cf.
475 2998 521 3072 56,
543 2998 656 3060 Cicero
681 2999 721 3060 ad
746 2999 817 3062 fam.
844 3019 886 3070 12,
907 3002 954 3074 25,
977 3001 992 3060 3
1014 3009 1106 3081 atque
1125 3001 1196 3064 inde

214 3091 312 3154 ventis
341 3092 438 3154 rema'r
466 3092 499 3155 in
521 3092 667 3173 patrcam
696 3095 783 3157 amai
799 3095 1002 3174 fisarcatiane
1020 3095 1198 3175 properavi

216 3187 264 3266 (cf.
287 3187 423 3268 Philipp.
447 3209 470 3265 1,
491 3190 534 3268 9),
565 3188 687 3249 Ennius
708 3209 778 3252 carn
792 3189 910 3270 procul
924 3190 1079 3271 aspiciant
1095 3191 1197 3254 hastas

215 3281 359 3345 accedere
388 3283 486 3345 ventri
514 3282 647 3345 navibus
675 3283 822 3347 attacta.
854 3320 891 3330 —
922 3285 1058 3366 permire
1084 3287 1196 3348 accidit

162 3391 251 3438 atsur
275 3396 303 3436 v.
326 3380 380 3438 215
408 3379 498 3440 culex
529 3378 611 3440 dicat
640 3378 762 3441 viscera
786 3399 842 3440 sua
866 3378 1041 3442 inferorum
1067 3401 1195 3444 amnem
1281 3433 1282 3456 2

215 3469 383 3533 transferri.
417 3471 450 3533 in
471 3491 536 3553 quo
557 3473 652 3534 ullius
673 3473 808 3535 auctoris
830 3474 868 3534 de
889 3474 994 3537 anima
1008 3475 1195 3537 sententiam

216 3582 290 3625 eum
303 3581 446 3627 secutum
461 3587 527 3629 esse
541 3588 607 3630 non
622 3568 845 3649 comperimus.
874 3569 992 3631 viscera
1006 3588 1079 3631 cum
1090 3569 1195 3632 anima

217 3659 380 3738 coniungit
400 3661 516 3722 Statius
541 3661 606 3723 silv.
631 3665 656 3740 5,
681 3684 705 3740 1,
724 3683 763 3742 47
785 3663 856 3736 (illa
875 3671 916 3738 te)
937 3662 1107 3727 vzicerr'bus
1127 3666 1196 3728 tatis
