2578 4242
227 329 266 390 94
584 291 843 354 cornmummvs

227 491 454 569 comprobare.
484 489 616 551 similius
637 507 794 593 nusquam
814 486 953 569 positum
972 485 1048 547 novi
1065 503 1174 572 quam
1195 505 1211 545 a

227 582 379 646 Grattio
370 604 402 646 m
423 583 612 670 cynegeticis
633 585 689 663 345
714 582 789 664 quin
811 588 844 644 et
858 567 1020 644 Mavortia
1040 567 1123 641 bello
1144 576 1215 644 oud.

226 696 306 742 nera
334 687 366 741 et
391 687 536 741 errantes
564 687 624 759 per
652 687 697 741 tot
722 676 857 742 dr'omia
885 674 1008 764 morbos
1031 692 1212 754 causasque

224 772 411 854 effictasque
431 781 544 836 canum
563 781 618 834 ora
637 776 746 849 [ctera]
766 770 883 834 toruo

231 877 234 882 “
304 868 485 930 Homerum
505 887 583 931 num
604 857 678 929 huic
698 884 827 948 quoque
849 863 1048 945 locoipsum
1068 881 1211 942 compo·

226 963 332 1025 nendo
357 978 449 1044 poeta
468 962 646 1025 adhibuerit
658 982 724 1025 non
738 976 803 1024 tam
816 975 902 1023 certo
914 958 977 1021 dici
989 971 1089 1066 potest
1105 975 1210 1064 quam

226 1055 260 1120 in
279 1058 456 1148 inferorum
475 1057 700 1144 descriptione;
725 1075 799 1118 nam
824 1053 913 1135 quod
935 1053 1038 1115 statim
1057 1050 1089 1112 in
1112 1049 1209 1112 initio

172 1153 303 1217 tathaee
324 1153 393 1216 cum
413 1161 562 1217 manaret
575 1152 730 1234 sanguine
749 1149 866 1215 tellus'
857 1169 891 1212 ιιι
910 1149 976 1231 ipsa
995 1145 1126 1209 navium
1148 1163 1209 1226 op-

225 1247 419 1328 pugnatione
438 1266 549 1328 graece
568 1249 716 1329 leguntur
731 1245 780 1330 ῥέε
796 1246 826 1309 d'
842 1251 953 1334 alpem
972 1255 1048 1324 rato
1062 1241 1209 1324 μέλαινα

226 1341 266 1419 (Ο
277 1341 378 1419 715),
369 1361 402 1402 ιιι
416 1342 527 1405 usitata
540 1344 700 1407 locutione
714 1342 838 1422 (Catull.
849 1343 897 1422 64,
912 1343 969 1420 344
982 1359 1050 1403 cum
1063 1337 1211 1420 Phrygii

231 1434 349 1498 Teucro
379 1437 554 1500 manabunt
577 1438 731 1519 sang-uim
756 1437 873 1518 campi,
902 1436 977 1498 Stat.
999 1434 1077 1496 Ach
1102 1453 1129 1511 r,
1158 1433 1207 1510 86)

226 1515 304 1592 nihil
325 1526 439 1611 probat
461 1531 510 1609 (ci.
530 1554 559 1594 v
574 1534 654 1612 28);
661 1553 764 1614 neque
784 1532 887 1613 plus'
879 1552 911 1594 ιιι
931 1530 1059 1592 alteram
1078 1543 1207 1609 partem

224 1624 307 1686 valet
338 1626 426 1705 quod
456 1647 514 1690 nec
539 1628 632 1716 Sigea
661 1646 719 1689 nec
745 1626 888 1689 Rhoetea
916 1625 1006 1688 litora
1030 1623 1206 1686 Homerica

224 1734 299 1782 sunt
318 1728 421 1801 neque
436 1722 489 1784 lda
510 1723 592 1786 faces
613 1725 774 1805 praebens.
815 1737 909 1802 atque
928 1719 1039 1800 legisse
1058 1717 1155 1781 illum
1176 1733 1206 1780 et

172 1831 211 1877 sot
225 1813 348 1877 novisse
369 1815 502 1878 Homeri
523 1805 649 1880 carmen
663 1817 866 1879 manifestum
884 1830 937 1903 est
976 1835 1005 1876 v.
1020 1815 1075 1892 307
1089 1813 1206 1895 Sigea·

223 1917 282 1990 'que
297 1919 427 1991 practer
445 1912 611 1974 confirmat
626 1912 720 1973 etiam
735 1911 883 1974 codicum
896 1909 1072 1990 corruptela
1092 1929 1120 1970 v.
1138 1910 1210 1988 319‚·

224 2011 255 2065 et
274 2003 398 2066 videtur
417 1995 662 2088 intellegi-posse
683 2007 776 2090 παρὰ
789 2010 872 2071 θῖνα
887 2003 1064 2089 θαλάσσης.
1092 2002 1132 2064 cl.
1149 2004 1206 2084 390

224 2097 279 2158 ubi
305 2097 413 2161 rimrm
428 2108 562 2180 praeter
586 2121 688 2182 aquae
713 2100 814 2164 viridi
838 2098 896 2162 sub
915 2097 1037 2179 fronde
1061 2096 1208 2160 latentem

224 2191 425 2271 conformare
448 2192 547 2256 locu-m
577 2195 661 2275 capit
681 2215 748 2258 non
772 2207 865 2257 recte
881 2193 1001 2257 dictum
1029 2192 1156 2256 videtur
1176 2209 1206 2254 et

225 2286 356 2350 fortasse
385 2288 441 2350 uni
466 2279 623 2352 Bembina
653 2290 863 2367 ascribendus?
880 2299 981 2366 error,
1011 2307 1085 2350 cum
1114 2303 1204 2350 vetu-

177 2406 179 2410 .
224 2381 332 2446 stiores
352 2383 494 2464 plerique
510 2375 640 2465 propter
660 2375 828 2466 praebeant
849 2384 898 2463 (ci.
913 2384 1008 2464 Vergt
1026 2383 1126 2462 ecl.8,
1145 2384 1203 2461 87).

224 2476 276 2538 hic
301 2477 436 2540 editores
457 2479 625 2542 Heinsium
650 2480 748 2541 secuti
773 2480 961 2542 substituere
979 2487 1114 2560 propter
1138 2497 1202 2558 quo

224 2567 325 2650 Sigea
344 2571 439 2635 litora
457 2574 634 2636 subiectum
653 2574 741 2636 fieret
755 2575 916 2646 enuntiati
935 2573 1044 2639 or'dcre
1056 2569 1203 2636 Vossiani

224 2656 447 2744 praedicatum,
477 2687 552 2730 curn
577 2684 761 2751 corruptum
786 2672 919 2732 verbum
944 2668 1100 2731 tradant'
1090 2665 1203 2749 mtegri

224 2756 349 2820 codices
367 2759 443 2823 taidi.
483 2763 538 2825 sed
564 2782 622 2825 nec
642 2764 764 2844 duplex
789 2763 942 2827 correctio
965 2763 1139 2846 probabilis
1159 2777 1204 2826 est

224 2859 282 2913 nec
306 2854 477 2916 sententiae
502 2847 722 2936 conformatio,
744 2879 824 2940 qua
823 2847 950 2922 scilicet
975 2857 1033 2920 viri
1062 2857 1202 2939 primum

224 2944 331 3007 videre
352 2946 504 3027 dicantur,
525 2965 594 3012 tum
614 2953 707 3014 tellus
728 2969 759 3017 et
778 2954 910 3017 flumina
930 2973 1067 3031 manare,
1089 2951 1202 3015 deinde

223 3040 316 3103 litora
335 3040 451 3105 videre.
491 3047 641 3127 temptavi
665 3067 699 3111 oz
696 3047 812 3111 daret
832 3049 865 3111 in
887 3047 1010 3122 classes,
1029 3048 1086 3110 sed
1107 3067 1203 3129 quae·

180 3147 182 3154 ’
223 3136 311 3199 sirius
336 3137 466 3201 fortasse
490 3160 549 3203 nec
572 3156 679 3204 tamen
704 3143 805 3224 aptius
831 3144 893 3205 hoc
918 3141 975 3206 erit
998 3160 1095 3248 quam
1115 3141 1203 3224 quod

223 3232 433 3296 Baehrensius
459 3255 496 3297 ex
522 3236 703 3300 coniectura
727 3238 833 3319 posuit
853 3236 1037 3300 truderet
1022 3257 1055 3299 tn
1080 3235 1201 3301 classes.

224 3326 297 3390 facit
317 3327 379 3390 hoc
400 3329 613 3392 Hectoreum
635 3328 702 3392 aliis
722 3330 800 3393 locis
820 3347 889 3394 tum
910 3332 939 3394 Ο
961 3333 1017 3412 346
1037 3352 1082 3414 sq.
1117 3332 1202 3395 iram

223 3435 330 3482 autem
355 3421 500 3513 Hectoris
525 3441 556 3487 et
580 3433 712 3487 mentem
736 3423 898 3489 intinicam
925 3445 1083 3508 nusquam
1108 3428 1202 3490 vehe-

224 3507 412 3579 mentiorem
435 3518 703 3599 deprehendimus
730 3539 825 3600 quam
852 3521 958 3584 0603
979 3542 1024 3602 sq.
1050 3521 1100 3600 (M
1119 3521 1200 3602 462).

224 3608 302 3670 ad
288 3617 376 3689 egnes
399 3613 592 3674 vocabulum
623 3635 651 3675 v
672 3616 729 3677 310
758 3615 871 3677 ultimo
900 3617 974 3678 loco
1003 3616 1144 3698 positum
1173 3631 1201 3680 et
