2600 4242
259 329 291 384 1²
516 305 517 308 ’
667 311 772 356 cvtnx

256 496 480 572 Aetnaeusque
501 491 649 572 Cyclops,
670 492 762 554 illum
782 493 936 556 Zanclaea
956 495 1134 577 Charybdis

256 587 472 669 pallentesque
492 589 578 649 lacus
600 602 630 648 et
649 586 792 667 squalida
812 586 943 651 Tartara
962 604 1087 654 terrent.

255 683 307 744 hic
328 698 358 744 et
378 683 548 744 Tantaleae
569 701 760 763 generamen
780 682 877 763 prolis
898 685 1022 746 Atrides

188 796 228 840 333
256 777 386 853 adsidet,
407 777 563 858 Argivum
584 777 703 854 lumen,
724 795 790 857 quo
810 777 939 841 flamma
958 795 1087 860 regente

256 871 349 934 Doris
369 871 589 934 Erichthonias
609 871 776 951 prostravit
795 872 937 934 funditus
957 893 1052 936 arces.

255 967 400 1045 reddidit,
421 968 495 1050 heu,
517 965 631 1028 Graius
653 984 771 1045 poenas
790 965 857 1044 tibi,
877 966 984 1044 Troia,
1005 970 1118 1050 ruenti,

255 1061 516 1143 Hellespontiacis
538 1061 682 1122 obiturus
703 1059 839 1124 reddidit
861 1062 965 1124 undis.

256 1157 308 1219 illa
328 1157 411 1220 vices
431 1155 600 1218 hominum
621 1170 730 1217 testata
750 1171 796 1218 est
817 1155 907 1236 copia
928 1159 1101 1238 quondam,

188 1269 229 1314 340
255 1271 295 1313 ne
315 1250 484 1331 quisquam
504 1249 649 1332 propriae
670 1250 829 1312 Fortunae
850 1271 981 1314 munere
1003 1252 1089 1314 dives

255 1346 312 1408 iret
332 1345 491 1408 inevectus
512 1347 634 1407 caelum
654 1364 762 1425 super:
784 1365 879 1408 omne
900 1347 1083 1429 propinquo

255 1440 409 1520 frangitur
429 1440 564 1503 invidiae
584 1440 648 1503 telo
670 1441 775 1503 decus.
815 1440 879 1502 ibat
902 1441 934 1502 in
955 1441 1054 1503 altum

254 1536 300 1598 vis
320 1540 425 1616 Argea
445 1552 554 1617 petens
574 1536 706 1617 patriam
728 1536 886 1617 ditataque
906 1537 1021 1617 praeda

254 1631 332 1694 arcis
353 1631 592 1710 Erichthoniae;
614 1650 721 1693 comes
740 1631 815 1693 huic
835 1646 901 1693 erat
919 1651 995 1693 aura
1014 1634 1153 1696 secunda

189 1742 228 1786 345
254 1748 311 1809 per
330 1727 491 1810 placidum
512 1745 604 1788 cursu
625 1727 770 1806 pelagus3
791 1725 902 1788 Nereis
923 1728 962 1788 ab
983 1728 1068 1789 unda

254 1823 343 1904 signa
364 1823 466 1900 dabat,
486 1842 558 1904 pars
578 1820 704 1907 inflexis
719 1840 818 1900 super·
837 1836 905 1882 acta
925 1821 1052 1883 carinis:

255 1937 329 1980 cum
349 1938 404 1980 seu
426 1917 549 1980 caelesti
569 1917 633 1980 fato
653 1937 708 1978 seu
729 1915 839 1979 sideris
860 1931 931 1978 ortu

254 2012 396 2093 undique
417 2029 556 2076 mutatur
576 2012 655 2074 caeli
675 2012 769 2089 nitor,
790 2011 898 2072 omnia
918 2009 1029 2084 ventis,

255 2107 364 2169 omnia
382 2108 561 2170 turbinibus
581 2122 654 2168 sunt
675 2106 779 2185 anxia3
799 2106 863 2168 iam
884 2105 978 2167 maris
999 2103 1084 2166 unda

190 2213 230 2258 350
254 2202 409 2264 sideribus
430 2217 525 2264 certat
546 2221 736 2283 consurgere
755 2201 881 2283 iamque
902 2221 1037 2284 superne

98 2292 101 2298 ’
256 2298 413 2378 corripere
434 2313 464 2360 et
484 2297 566 2359 soles
587 2312 618 2358 et
637 2297 740 2358 sidera
760 2312 873 2360 cuncta
893 2297 1030 2359 minatur

255 2411 291 2454 ac
311 2410 402 2452 ruere
422 2391 456 2452 in
475 2405 571 2453 terras
593 2391 670 2453 caeli
690 2391 805 2472 fragor.
845 2391 897 2455 hic
917 2392 1016 2455 modo
1036 2391 1116 2477 laeta

256 2486 344 2566 copia
364 2506 449 2549 nunc
469 2486 590 2548 miseris
611 2485 823 2549 circumdatur
843 2486 934 2548 anxia
955 2487 1023 2548 fatis

254 2580 497 2662 immoriturque
517 2600 611 2662 super
631 2581 745 2644 fluctus
769 2596 799 2642 et
819 2601 892 2644 saxa
912 2581 1078 2662 Capherei,

190 2689 229 2733 353
255 2675 413 2739 Euboicas
433 2691 486 2737 aut
506 2696 562 2756 per
583 2693 687 2741 cautes
706 2681 897 2757 Aegaeaque
917 2678 978 2739 late

254 2771 356 2849 litora,
378 2791 452 2833 cum
472 2771 628 2852 Phrygiae
654 2770 770 2852 passim
789 2791 869 2850 vaga
891 2772 1007 2851 praeda
1027 2787 1211 2852 peremptae

255 2865 385 2928 fluctuat
405 2866 509 2928 omnis
529 2866 561 2928 in
582 2885 742 2946 aequoreo
761 2865 924 2947 naufragia
943 2866 1063 2931 luctu.†

257 2960 318 3021 Hic
338 2960 389 3021 alii
409 2981 442 3022 se
463 2962 538 3023 dant
557 2961 670 3042 pariles
690 2961 811 3023 virtutis
835 2961 959 3024 honore

256 3055 378 3133 heroes,
399 3056 574 3137 mediisque
594 3056 643 3118 siti
663 3072 736 3118 sunt
755 3056 893 3133 sedibus,
913 3075 1033 3134 omnes,

152 3188 155 3213 2
191 3161 231 3206 300
258 3169 368 3212 omnes
390 3151 493 3214 Roma
515 3151 609 3213 decus
630 3151 737 3232 magni
758 3170 838 3232 quos
859 3151 987 3232 suspicit
1008 3149 1101 3213 orbis.

306 3389 346 3436 333
356 3376 481 3422 metuenda
490 3376 593 3429 (ranolea
609 3375 734 3427 Vossianus)
760 3387 799 3433 333
813 3374 971 3433 pallentesque
997 3378 1037 3433 334
1045 3387 1117 3432 gener
1125 3376 1212 3432 amplis

255 3445 328 3492 atride
360 3458 400 3504 337
413 3445 504 3502 gravius
543 3444 629 3489 furenti
668 3456 797 3502 aqoneque
810 3444 918 3502 propriae
953 3447 992 3496 343
1008 3444 1081 3488 decus
1098 3451 1212 3496 excerpta:

256 3514 314 3560 deus
353 3526 392 3572 343
410 3528 466 3572 argo
480 3527 505 3560 re
519 3522 601 3572 petens
644 3524 682 3572 345
700 3514 730 3558 ad
744 3513 819 3558 undas
864 3514 904 3572 346
916 3513 976 3558 iacta
1019 3523 1054 3570 353
1073 3513 1130 3558 solis
1162 3514 1211 3558 mi-

256 3591 340 3628 nantur
379 3594 418 3641 353
437 3595 493 3628 uere
541 3584 613 3628 letum
661 3594 699 3641 355
720 3595 819 3640 emaque
857 3583 897 3641 356
916 3590 1036 3641 perempta
1075 3581 1114 3640 358
1131 3580 1212 3628 uident

255 3652 295 3711 360
308 3651 385 3696 omnis
428 3653 523 3708 suscipit
