2600 4242
529 353 574 399 AD
589 354 616 402 V.
626 367 671 412 aa
1049 355 1084 414 25

101 536 255 601 cabulunt
276 550 398 616 praeter
411 535 497 597 hunc
516 537 624 597 locum
645 535 743 597 lexica
766 549 916 596 testantur
937 555 974 596 ex
996 534 1086 597 Cice-

101 652 182 695 rone
203 631 243 693 de
258 631 319 692 div,
334 650 362 709 ι,
376 631 423 708 63,
444 631 499 693 ubi
514 650 622 693 versus
637 631 825 693 Homericos
840 630 934 692 latine
950 631 1086 694 reddens

102 747 171 789 non
195 728 329 788 verbum
353 727 451 787 verbo
480 745 663 806 expressum
685 725 795 787 extulit
815 730 927 798 (vanos
952 727 1086 807 pectoris

99 829 224 900 orsus);
244 822 340 883 habet
352 820 467 882 Statius
481 820 596 882 Achill.
609 840 636 899 2,
658 821 713 882 335
734 821 792 901 (49)
807 821 941 900 paulum
960 823 1086 902 repetito

101 917 228 998 longrlrs
246 935 322 978 orsrr
340 917 420 994 (ortu
435 915 636 996 Puteaneus);
657 916 709 978 hic
730 930 823 996 poeta
842 915 972 996 proprio
992 936 1086 978 sensu

100 1012 143 1074 ad
168 1012 264 1074 telam
289 1010 456 1072 texendam
476 1008 653 1091 pertinente
678 1029 774 1091 quem
804 1009 838 1071 in
864 1010 1008 1073 ordiendi
1033 1031 1086 1072 ex-

98 1106 250 1170 ordiendi
280 1105 400 1167 exordii
430 1104 593 1167 vocabulis
624 1105 735 1167 Festus
765 1120 894 1167 testatur
920 1124 949 1185 p.
974 1105 1024 1166 185
1056 1122 1086 1168 et

101 1200 278 1282 lexigraphi
317 1199 383 1278 alii,
421 1199 563 1280 agnoscit
601 1219 674 1262 cum
709 1200 839 1262 Plautus
874 1199 998 1278 (Pseud.
1022 1202 1087 1280 399,

101 1297 215 1359 Bacch.
234 1296 300 1374 350)
320 1309 389 1356 tum
415 1295 529 1357 Cicero
550 1295 675 1376 aliique,
700 1295 772 1357 vide
796 1315 876 1376 quae
898 1295 1018 1358 Plinius
1043 1318 1085 1375 11,

99 1393 142 1455 80
153 1411 198 1473 sq.
214 1391 253 1453 de
267 1390 389 1452 erudita
403 1389 586 1470 operatione
600 1409 790 1452 araneorum
803 1391 879 1452 telas
894 1391 1086 1455 ordientium

100 1502 218 1564 narrat,
240 1505 400 1568 quemque
420 1484 460 1546 ad
481 1485 658 1547 orationem
677 1485 901 1547 instituendam
920 1486 1085 1548 transferre

99 1602 222 1666 pronus
243 1595 308 1643 erat
328 1599 441 1642 sermo.
483 1580 607 1642 ossibus
632 1595 738 1642 autem
763 1596 980 1643 successerunt
999 1601 1084 1655 orsa,

99 1698 169 1760 quo
195 1676 352 1739 vocabulo
384 1675 481 1736 utitur
510 1675 691 1737 consolator
717 1674 823 1737 Liviae
844 1695 910 1752 210,
940 1675 1085 1736 Valerius

100 1774 233 1836 Flaccus
259 1791 282 1850 1,
303 1789 336 1831 21
372 1769 490 1849 (Manil.
513 1789 540 1848 2,
568 1773 603 1838 57
629 1770 779 1832 traditum
805 1785 851 1832 est
874 1768 956 1832 nulli
977 1779 1085 1832 vatmn

99 1860 285 1932 debebimu!
297 1885 367 1938 ora,
389 1865 427 1926 cf.
450 1867 476 1943 5,
496 1865 564 1944 480)
591 1879 620 1926 et
646 1865 795 1926 omnibus
815 1863 939 1944 saepius
959 1864 1084 1938 Statius,

99 1964 158 2046 qui
177 1979 285 2024 tamen
304 1960 371 2022 silv.
392 1980 420 2040 4
441 1979 469 2039 4
491 1961 528 2038 87
554 1960 645 2037 (nunc
668 1959 700 2022 sz'
712 1959 803 2038 forte
828 1958 906 2020 mis
925 1979 1005 2039 quae
1024 1959 1089 2023 sint

97 2056 236 2121 exordia
258 2055 363 2118 Musa
385 2055 468 2118 scire
485 2053 575 2135 pett's)
602 2069 633 2116 et
657 2055 772 2135 passim
797 2054 829 2115 in
854 2053 1019 2116 Thebaide
1045 2075 1084 2117 eo

96 2152 258 2216 vocabulo
280 2170 354 2212 usus
379 2166 425 2212 est
450 2151 537 2231 quod
564 2149 703 2211 certioris
729 2148 940 2211 translationis
965 2150 1085 2231 signifi-

96 2264 207 2311 catum
227 2245 377 2309 excedere
397 2245 540 2325 plerique
561 2237 627 2306 non
646 2244 804 2321 sinebant;
825 2243 864 2306 de
886 2243 1084 2308 Columellae

96 2363 160 2405 usu
181 2342 253 2405 vide
275 2340 407 2404 Gesneri
426 2338 552 2401 lexicon
577 2339 729 2402 rusticum
755 2361 778 2400 s.
802 2338 969 2402 exordium
995 2355 1025 2401 et
1051 2340 1085 2401 in

96 2438 268 2521 proverbio
289 2437 374 2516 apud
395 2433 628 2512 Quintilianum
651 2437 676 2513 5,
702 2454 745 2511 ιο,
766 2452 799 2512 71
830 2434 997 2496 exordrirm
1014 2433 1083 2514 pul-

95 2534 172 2596 lum.
214 2531 330 2594 Statius
350 2550 426 2592 orsa
446 2527 583 2592 Sallusti
606 2529 700 2592 habet
723 2529 790 2590 silv.
810 2548 838 2608 4
859 2550 888 2604 7,
911 2529 962 2604 553
993 2526 1083 2588 Livio

93 2627 207 2711 (praef.
237 2627 280 2705 ι3)
311 2645 396 2689 nunc
426 2624 605 2686 restitutum
636 2640 682 2687 est
711 2624 794 2688 orsis
823 2632 943 2686 tanmm
972 2621 1082 2703 operis.

95 2721 330 2804 antiquioribus
350 2719 513 2781 sollemnis
536 2717 657 2781 locutio
677 2729 790 2799 coepta,
815 2718 853 2780 cf.
875 2717 946 2780 Cul.
968 2720 1014 2780 25.
1035 2737 1082 2797 41.

96 2817 259 2880 formandi
283 2817 416 2877 verbum
441 2815 582 2895 positum
607 2830 642 2876 ut
668 2815 753 2894 apud
774 2813 938 2876 Catullum
958 2813 1005 2892 64
1028 2814 1082 2874 313

97 2913 131 2974 in
156 2912 326 2974 Parcarum
353 2930 457 2992 opera.
489 2945 526 2954 —
556 2909 699 2983 lusimus,
724 2909 801 2972 haec
824 2917 955 2988 propter
979 2906 1109 2970 culiciss

96 3009 164 3071 sint
189 3005 335 3069 carmina
359 3005 456 3068 docta.
506 3005 549 3066 sic
573 3004 627 3066 illa
657 3004 769 3066 tradita
793 3018 876 3082 sunt,
907 3017 1083 3065 correctum

98 3119 130 3165 et
161 3103 194 3166 in
223 3101 310 3164 libris
340 3099 502 3163 nonnullis
533 3116 563 3163 et
589 3115 661 3182 post
691 3100 784 3160 Italos
815 3097 979 3160 communi
1007 3115 1083 3158 con·

96 3218 193 3260 sensu
226 3205 301 3260 sum
331 3196 397 3274 (vel
425 3195 502 3274 sint)
533 3195 677 3260 carmina
713 3193 802 3256 dicta.
863 3193 917 3254 sed
951 3190 1082 3254 modum

96 3291 188 3354 verbi
207 3289 346 3352 vindicat
358 3308 493 3372 sequens
513 3298 661 3361 consonet,
682 3287 872 3350 adiectivum
885 3286 952 3367 ipsa
966 3283 1082 3346 doctri-

98 3407 158 3448 nae
190 3386 357 3448 ostentatio
389 3405 444 3466 per
474 3400 577 3447 totum
603 3402 729 3445 carmen
755 3380 927 3443 manifesta.
977 3379 1081 3460 priora

97 3484 195 3544 verba
225 3480 330 3562 potius
361 3479 568 3561 explicatione
598 3493 699 3560 egent.
751 3487 844 3557 atque
875 3491 909 3536 ut
939 3474 1082 3555 sequenti

97 3597 191 3639 versu
212 3574 378 3637 historiam
404 3575 582 3637 videbimus
607 3571 760 3634 attenuari
787 3571 876 3652 quasi
897 3587 927 3633 et
948 3570 1082 3633 circum-

96 3671 192 3734 scribi
218 3670 325 3733 addito
346 3680 408 3750 per
433 3669 550 3742 ludum,
581 3667 622 3730 ita
648 3667 696 3730 his
721 3666 823 3728 verbis
852 3667 930 3729 haec
950 3675 1082 3746 propter
