2600 4242
511 328 556 375 AD
573 327 601 374 V·
614 341 666 388 3-5
1042 349 1079 408 27

96 512 200 595 pertio
235 509 381 574 manino
410 509 448 572 de
477 507 574 574 nmio
603 509 744 574 nascitur
771 509 905 573 intorta
936 513 974 589 (a,
999 531 1022 585 1,
1047 511 1082 573 16

96 608 136 672 cf.
163 608 216 687 14),
242 605 359 668 Caesar
383 603 504 685 Sulpici
524 603 791 686 Carthaginiensis
815 605 991 668 Aeneidem
1017 625 1082 667 ser-

96 722 174 764 vans
198 699 311 764 Lame
335 698 648 764 consttutionem.
698 719 799 781 genus
826 700 952 781 epicum
978 700 1082 764 imita·

97 801 191 860 batur
223 815 353 858 murum
388 810 420 857 et
453 796 660 858 mustelarum
690 815 811 876 pugna,
847 795 970 858 Romae
1004 796 1082 860 olim

97 891 230 968 famosa,
250 889 385 954 aurora
397 909 532 971 quornm
544 900 577 954 et
587 891 619 954 in
632 889 772 953 tobernit
778 889 925 970 pinguiter
938 889 1082 967 (Phaedr.

95 1007 126 1065 4,
148 987 167 1046 6
187 985 226 1047 cf.
248 985 340 1046 Babr.
363 986 425 1063 31l3
448 1005 467 1048 a
487 985 652 1047 Musarum
673 985 869 1049 invocatione
894 985 1003 1067 incipit
1021 987 1083 1048 Ba-

97 1079 429 1161 trachomyomashia‚
463 1099 537 1142 cum
564 1099 626 1160 qua
657 1101 723 1144 non
753 1081 937 1162 imprudens
968 1080 1083 1144 Statius

99 1175 265 1257 componit
305 1173 465 1252 Culicem,
512 1174 552 1236 ad
592 1175 681 1236 cuius
720 1175 875 1238 ludicram
919 1175 1083 1238 historiam

97 1272 250 1334 Phoebus
275 1269 386 1332 Musae
411 1269 500 1332 Pales
530 1269 712 1334 excitantur.
758 1267 776 1355 ἡ
802 1270 891 1347 τάξις
917 1270 1083 1334 heroicum

97 1386 217 1448 poema
256 1363 443 1441 imitabitur,
483 1362 558 1426 item
599 1365 643 1442 (ut
676 1365 889 1428 Buechelerus
922 1365 1082 1443 intellexit,

95 1483 126 1522 v.
142 1481 172 1542 p.
189 1461 255 1538 325)
278 1459 296 1544 η’
320 1457 451 1543 oporte:
468 1458 652 1539 notitmeque
666 1459 778 1522 ducum
791 1480 879 1526 noces
891 1461 956 1524 scil.
968 1481 1110 1526 conso-5

96 1571 177 1620 nent
199 1554 391 1637 periodum,
418 1552 533 1632 quibus
554 1554 656 1616 modis
676 1555 773 1618 duces
793 1555 882 1636 loqui
903 1572 1016 1620 notum
1037 1572 1083 1618 est

93 1653 194 1714 verba
214 1648 360 1713 carminis
380 1647 549 1728 eligentur3
570 1649 626 1710 ubi
644 1664 772 1730 apparet
791 1666 946 1731 quatenus
959 1651 1082 1731 poetice

96 1745 220 1808 deflexa
244 1744 283 1806 sit
307 1743 434 1806 nonnae
456 1742 643 1824 significatio
670 1765 688 1807 a
713 1745 836 1825 vulgari
861 1765 966 1826 quam·
988 1746 1083 1808 habet

96 1861 125 1902 e.
143 1859 180 1920 .g.
206 1838 375 1903 Cornelius
401 1838 509 1919 Nepos
534 1841 597 1900 Att.
623 1839 667 1916 18,
691 1859 712 1918 4
740 1838 852 1919 quibas
881 1839 975 1904 lebni
1003 1839 1088 1904 nihil

86 1943 196 2016 potest
210 1953 278 1996 esse
298 1931 418 1998 dolans
439 1931 486 1996 eis
509 1932 566 2014 qni
587 1931 730 2014 alequam
754 1934 950 2015 mpeditotem
970 1935 1087 1998 Imbent

93 2027 224 2092 nonnae
236 2027 399 2091 clarorum
410 2027 565 2090 virorum.
598 2027 694 2090 duces
707 2028 795 2091 latini
809 2031 955 2096 carminis
970 2032 1082 2094 heroes

94 2138 185 2186 sunt:
210 2143 264 2186 res
282 2131 393 2203 gestae
418 2142 591 2204 regumque
615 2123 787 2206 danaumque
815 2136 846 2189 et
873 2125 978 2190 erana
1002 2124 1083 2188 bella

94 2237 158 2299 quo
182 2215 283 2280 serni
300 2227 426 2298 possent
446 2238 577 2282 emneero
601 2219 791 2284 monstranti
810 2219 979 2295 Homerus,
1004 2221 1083 2283 Ver-

95 2312 193 2394 gilius
213 2313 327 2374 cecinit
345 2322 466 2393 posaeo
486 2333 569 2376 rura
594 2314 694 2388 duces,
720 2319 883 2396 Augustus
899 2315 1084 2396 proximum

95 2429 119 2471 a
136 2407 188 2471 dis
207 2407 437 2472 immortalibus
455 2408 606 2472 lmnorem
617 2409 790 2474 namorme
806 2409 918 2472 diacum
924 2410 1087 2490 praestitit

95 2503 195 2580 (Suet.
219 2503 276 2581 31),
295 2501 408 2566 memte
424 2503 553 2582 fimcms
578 2503 669 2568 dntces
695 2507 849 2568 canebant
868 2504 901 2566 in
922 2503 1082 2570 conviviis.

95 2614 133 2660 ut
152 2599 268 2660 heroes
289 2597 403 2677 deique
418 2598 573 2678 loquetur
593 2599 694 2678 culex,
721 2614 756 2662 ut
782 2599 822 2662 de
841 2598 902 2662 illis
923 2598 962 2660 de
983 2598 1082 2661 culice

95 2692 264 2778 referetur„
313 2707 439 2758 utamur
476 2693 637 2774 exemplis.
667 2715 695 2756 v.
717 2696 773 2756 225
803 2694 894 2756 culex
927 2693 1084 2774 queritur:

89 2787 246 2869 praemio
269 2796 344 2850 sunt
360 2787 484 2868 oretani
508 2785 570 2860 abi,
589 2787 716 2868 pretatis
739 2788 893 2852 honores?
922 2788 1084 2852 locutione

97 2882 199 2944 utitur
220 2900 283 2961 qua
299 2881 407 2944 Venus
421 2881 600 2963 Vergiliana
618 2884 656 2963 (ι,
671 2886 739 2963 253,
760 2884 797 2946 cf.
815 2883 892 2965 epic.
907 2884 1002 2946 Drusi
1020 2885 1085 2959 133)

97 2976 151 3040 nic
167 2975 297 3056 potans
315 2975 434 3040 honos?
459 2977 593 3040 culicem
616 2978 733 3042 scilicet
751 2979 849 3042 morti
870 2979 958 3042 misit
978 2994 1085 3060 pastor

97 3092 127 3134 v.
158 3070 226 3144 188,
270 3074 395 3132 Aeneas
440 3070 539 3136 Talon
577 3071 773 3154 Tanaimque
809 3073 879 3136 neci
903 3074 1086 3154 fortemque

101 3164 284 3246 Cethegum,
305 3164 365 3230 trit
377 3186 438 3228 nno
451 3186 629 3247 congressu,
649 3176 681 3228 et
697 3177 850 3230 maesmm
866 3166 961 3230 mittit
975 3166 1084 3231 Oniten
1110 3195 1112 3200 ·

99 3265 192 3339 (Aen.
209 3280 252 3338 12,
269 3263 334 3340 515,
355 3261 482 3326 eistat
501 3263 604 3325 Theb.
624 3282 667 3336 12,
688 3263 764 3341 764).
799 3281 875 3342 ergo
896 3261 1085 3323 oeconomia

100 3374 132 3420 et
163 3356 302 3420 elocutio
334 3357 454 3439 epicam
486 3356 748 3419 consuetudinem
783 3354 958 3436 expriment
987 3356 1020 3418 in
1050 3375 1083 3418 re

99 3452 219 3516 scilicet
240 3471 306 3514 non
320 3453 408 3531 seria,
429 3467 463 3515 ut
483 3451 600 3514 factum
617 3450 760 3512 videmus
780 3449 812 3512 in
834 3448 972 3512 carmine
992 3469 1085 3530 paro-

102 3547 174 3612 dico
200 3567 239 3610 ex
266 3545 449 3626 antiquitate
478 3566 589 3628 graeca
619 3560 751 3623 servato,
781 3559 816 3606 ut
845 3544 962 3626 incepit
987 3544 1084 3607 Timo

101 3646 217 3708 ἕσπετε
251 3646 310 3708 νῦν
342 3664 399 3724 μοι
432 3643 567 3725 μοῦσαι,
598 3658 633 3703 ut
658 3640 809 3703 Horatius
839 3657 966 3702 carmen
997 3640 1086 3722 quasi
