2578 4242
484 337 529 384 AD
544 337 572 386 V.
587 339 690 394 iss-166
1043 341 1080 418 57

91 519 200 602 fugari
219 537 311 599 posse
332 519 380 596 (22
401 519 458 599 sq.)
480 520 501 602 ἢ
520 521 581 584 ἀπ’
603 519 735 606 ἐρίπνης
755 521 790 606 η’ὲ
805 522 859 583 καὶ
875 519 1078 588 αὕτοπύνοιο

91 612 313 699 χαμεονάδος,
336 603 419 698 ἦμος
437 611 488 680 ἄν’
509 615 628 700 ἀγρούς
650 615 780 700 φεύγων
801 615 942 681 αύαλέοο
964 621 1079 702 θέρεος

90 709 281 795 πνρόεσσαν
299 708 424 793 ἄντμὴν
438 711 570 796 αἴθριος
591 709 626 774 ἐν
641 710 766 798 καλάμη
789 714 941 795 στορέσας
962 711 1078 796 ἀκρέσ-

91 827 195 890 περος
220 803 316 891 εύδης
347 822 372 864 ε.
395 823 424 883 q.
445 824 469 866 s.
494 837 532 850 -
553 803 651 889 τῆμος
683 806 731 870 ὅτ’
759 803 903 881 οἷζαλύων
930 805 1079 889 φολίδων

89 894 283 964 ἀπεδύσατο
305 899 404 984 γῆρας
422 897 530 981 μῶλος
549 897 750 982 ἐπιστείβων,
773 902 826 964 des
848 898 975 983 φωλεὸν
996 903 1079 985 εἴαρι

91 993 225 1080 φεύγων
246 994 391 1077 ὄμμασιν
422 992 620 1076 ἀμβλύσσεν,
648 994 804 1080 μαράθου
834 993 872 1057 δέ
898 992 913 1058 ἑ
941 994 1078 1077 νήχετος

90 1092 202 1174 δρπηξ
223 1089 397 1172 βοσκηθεὶς
419 1086 634 1154 clarioreml
656 1087 817 1174 aalydem
830 1091 973 1172 τίθησιν,
997 1109 1078 1168 quae

89 1183 150 1264 qui
170 1201 245 1244 cum
261 1181 402 1262 Vergilio
424 1183 652 1262 comparaverit
672 1198 703 1246 et
722 1182 900 1264 argumenti
921 1196 951 1246 et
969 1182 1078 1264 singu-

91 1279 200 1340 larum
230 1295 337 1339 rerum
368 1276 608 1338 similitudinem
640 1278 759 1358 ridebit
795 1293 825 1340 et
858 1278 891 1340 in
924 1277 1077 1341 imitando

88 1391 205 1436 verum
218 1387 346 1453 poetam
359 1385 518 1452 agnoscet,
539 1372 699 1453 simulque
713 1372 873 1454 intelleget
887 1392 950 1455 qua
964 1374 1078 1437 iniuria

88 1468 320 1549 Peerlkampus
343 1467 460 1547 aliique
485 1485 594 1528 versus
613 1467 781 1547 437—439
812 1483 941 1549 propter
965 1470 1079 1550 repeti-

87 1562 215 1624 tionem
229 1582 351 1640 eorum,
372 1562 427 1624 sed
443 1561 537 1624 etiam
551 1581 658 1624 versus
670 1563 739 1641 426,
760 1562 793 1624 in
807 1564 949 1627 Aeneide
964 1564 1078 1626 iactam

91 1659 134 1738 (ο,
153 1658 213 1736 473
234 1659 290 1738 sq.)
312 1656 467 1720 eiecerint
508 1672 602 1736 atque
628 1656 707 1718 alius
733 1671 779 1718 est
804 1657 955 1720 Nicandri
978 1658 1078 1730 locus,

92 1747 193 1834 quem
219 1751 265 1814 illi
291 1751 435 1814 adhibuit
460 1750 633 1832 Vergilius,
664 1751 703 1812 de
730 1750 891 1832 chelydro,
923 1753 979 1834 qui
999 1755 1077 1833 (415)

87 1847 175 1934 βρύα
190 1847 365 1933 προλιπών
382 1850 437 1910 καὶ
460 1847 531 1922 ἕλος
553 1850 607 1910 καὶ
622 1846 752 1930 δμηθεα
772 1846 889 1931 λίμνην
902 1846 1078 1934 ἀγρώσσων

88 1943 223 2026 λειμῶσι
242 1941 475 2028 μολοορύδαςῆ
492 1941 693 2027 βατραχῖδας
704 1945 875 2026 σπέρχεται
892 1942 927 2006 ἐκ
941 1942 1078 2027 μύωπος

89 2033 202 2123 ἀήθεα
218 2037 372 2121 δέγμενος
389 2037 493 2123 ύρμην
519 2036 567 2115 (cl.
580 2036 636 2098 366
650 2037 716 2117 οη).
754 2035 828 2098 hinc
849 2035 945 2117 igitur
965 2039 1077 2120 anguis

90 2131 245 2214 paludem
267 2131 446 2214 relinquens
468 2131 517 2211 (cf.
540 2131 614 2193 Stat.
635 2131 739 2193 Theb.
756 2131 782 2208 5,
805 2131 860 2193 518
875 2137 941 2215 sq.)‚
962 2154 1078 2216 magna

92 2248 112 2290 a
133 2227 254 2290 Culicis
279 2243 467 2309 argumento
488 2225 695 2308 discrepantia
722 2231 830 2306 (quam
857 2246 924 2289 non
947 2229 1078 2291 attendit

91 2322 151 2404 qui
164 2321 284 2386 Culicis
297 2338 520 2404 argumentum
535 2321 716 2402 composuit
729 2341 747 2382 a
759 2321 886 2384 Donato
900 2322 933 2384 in
945 2323 1078 2386 Suetoni

90 2417 192 2478 vitam
212 2420 400 2497 receptum);
421 2419 537 2480 etenim
552 2417 664 2497 anguis
685 2433 814 2496 quoque
835 2431 870 2478 ut
890 2433 991 2479 cetera
1011 2418 1078 2479 ani-

91 2512 191 2574 malia
210 2511 243 2573 in
264 2512 363 2575 nimio
384 2528 473 2575 aestu
493 2527 577 2576 certa
598 2510 661 2572 diei
676 2510 755 2571 hora
769 2509 908 2590 quietem
929 2527 960 2575 et
981 2513 1078 2595 frigus

92 2606 226 2688 quaerit,
251 2627 326 2670 sane
352 2627 418 2670 non
445 2607 594 2670 omittens
619 2620 747 2668 naturae
772 2604 975 2670 ferocitatem.
1017 2609 1079 2672 hoc

91 2721 163 2764 non
188 2702 346 2783 aVergili
371 2702 527 2766 imitatore
552 2703 716 2764 inventum
743 2720 809 2763 esse
834 2701 945 2781 elucet,
975 2704 1031 2768 sed
1061 2726 1079 2766 a

91 2817 210 2880 graeco
241 2813 276 2860 ut
304 2812 383 2879 puto
414 2813 522 2879 poeta,
553 2797 642 2859 cuius
672 2815 800 2858 carmen
829 2796 995 2860 Romanus
1026 2819 1080 2862 ex-

91 2892 240 2975 presserit
260 2891 346 2955 idem
367 2893 506 2956 imitator
524 2892 652 2972 Vergili.
693 2893 731 2954 cl.
752 2913 782 2974 p.
802 2912 843 2971 17.

175 2987 211 3048 ln
236 2986 303 3068 ipsa
330 2988 482 3069 serpentis
513 2985 707 3050 adventantis
737 2986 947 3068 descriptione
972 3009 999 3050 v.
1026 2989 1077 3049 163
1092 3006 1131 3050 rsa

92 3080 234 3161 (volvens
252 3083 483 3168 κυλινδόμενος
508 3097 543 3145 ut
572 3083 623 3162 195
649 3081 818 3155 volventia,
850 3082 887 3144 cf.
914 3083 955 3144 ad
980 3104 1008 3145 v.
1030 3083 1077 3160 88)

93 3192 126 3240 et
145 3177 197 3238 165
218 3178 359 3239 Bembus
380 3178 566 3254 emendavit,
587 3198 615 3238 v.
635 3178 688 3240 166
708 3177 821 3240 frustra
836 3178 928 3240 multi
946 3192 1079 3258 tempta·
1092 3196 1131 3241 rto

91 3286 218 3334 verunt.
244 3287 327 3334 certe
340 3271 432 3335 obvia
441 3271 583 3336 vibranti
593 3282 725 3353 carpens
732 3270 850 3352 gravo
863 3291 944 3334 aera
958 3270 1078 3351 lingua,

94 3386 178 3448 quae
199 3366 277 3428 olim
297 3368 423 3448 vulgata
444 3383 509 3430 erat
521 3368 624 3444 lectio,
649 3367 768 3430 nescias
789 3382 897 3428 utrum
916 3384 1010 3426 sensu
1031 3365 1079 3426 in-

94 3477 202 3543 eptam
233 3462 333 3542 magis
363 3482 403 3524 an
438 3462 540 3525 forma
571 3462 803 3525 intolerabilem
833 3460 932 3536 dicas;
964 3458 1079 3522 deinde

94 3577 178 3638 quae
199 3556 278 3619 facta
298 3574 344 3620 est
363 3558 490 3639 vulgata
508 3558 627 3640 gravas
646 3577 703 3619 ore
721 3555 869 3638 trilingui
890 3575 948 3618 cur
974 3555 1080 3636 inepta

94 3668 178 3716 esset
202 3653 357 3732 scriptura
381 3652 444 3714 iam
469 3651 584 3714 Birtius
610 3650 730 3715 dixerat
752 3652 772 3714 l.
794 3672 831 3730 s.;
862 3666 893 3714 et
917 3649 1081 3712 sanissima
