2578 4242
233 340 286 404 105
584 337 844 412 commaneamus

228 539 300 582 rum
328 519 405 583 haec
435 538 515 601 quae
546 519 716 583 dormienti
747 519 832 597 dico,
862 519 1016 600 vigilanti,
1044 515 1070 576 si
1098 529 1204 576 tamen

227 612 453 688 recordabitur,
477 614 601 677 somnia
626 629 726 676 erunt.
770 615 826 676 sed
849 613 1041 676 vocabulum
1065 610 1150 692 quod
1171 609 1204 674 in

227 705 321 770 uades
348 707 460 770 abiisse
488 709 652 789 probabile
682 710 721 772 sit
751 729 817 772 non
846 707 984 770 invenio.
1035 704 1205 768 Vossianus

228 805 357 884 praebet
370 801 532 882 dimittere,
554 804 642 884 quod
660 805 692 867 in
707 805 766 867 hac
780 801 925 866 carminis
937 816 1024 882 parte
1038 798 1206 863 memorari

175 913 215 960 ssa
229 897 331 972 debet,
351 897 424 960 licet
443 898 522 960 nihil
535 897 642 981 prosit.
676 917 704 958 v.
720 897 776 959 383
790 897 960 978 rapmnmr
973 894 1085 958 Bembi
1099 913 1206 957 emen-

228 991 314 1054 datio
334 992 507 1056 necessaria
531 1007 585 1066 est,
609 1011 737 1056 versum
762 989 924 1073 transponi
949 1009 1023 1053 cum
1047 989 1205 1070 Scaligero

228 1086 294 1168 (qui
308 1086 412 1150 eidem
429 1086 571 1150 adiunxit
584 1087 678 1150 etiarn
691 1107 721 1148 v.
735 1087 899 1164 258-260)
923 1105 982 1146 nec
997 1083 1207 1146 necessarium

228 1199 331 1261 neque
352 1180 419 1242 ullo
440 1182 538 1244 modo
559 1181 822 1245 commendabile.

307 1273 438 1337 Recedit
462 1277 552 1338 culex
577 1296 749 1357 numquam
773 1273 933 1338 rediturus
961 1273 1053 1354 plane
1085 1287 1119 1334 ut
1149 1273 1207 1333 Pa·

227 1367 345 1430 troclus
371 1371 452 1449 21175
477 1365 517 1436 oti
542 1371 604 1457 γὰρ
632 1371 676 1434 ἔτ’
705 1361 797 1446 αὖτις
826 1373 977 1450 mmmm
1009 1367 1044 1446 ἐξ
1076 1367 1206 1442 Ἀίδαο,

226 1461 309 1549 ἐπήν
330 1488 370 1548 με
392 1463 497 1551 πυρὸς
519 1464 682 1550 λελάχητε,
707 1464 763 1528 sed
778 1464 817 1526 de
833 1460 921 1526 iustis
935 1461 1103 1524 reddendis
1117 1462 1206 1523 nullo

227 1559 324 1620 verbo
345 1573 463 1636 monet,
488 1572 523 1620 ut
543 1557 689 1622 vidimus.
728 1575 835 1622 tamen
860 1556 902 1620 ad
925 1557 1043 1620 funeris
1063 1555 1208 1618 officium

225 1651 331 1715 statim
350 1667 456 1734 pastor
476 1653 596 1716 accedit
616 1669 647 1716 et
666 1654 764 1716 finem
785 1654 879 1716 habet
898 1671 1024 1715 carmen
1044 1650 1078 1713 in
1092 1649 1208 1712 tumuli

227 1747 391 1810 extruendi
416 1747 625 1831 descriptione
655 1747 728 1810 satis
758 1748 840 1810 bella
870 1767 1014 1830 quaeque
1044 1766 1062 1807 a
1090 1743 1208 1808 Moreti

226 1840 423 1922 simplicitate
443 1858 475 1905 et
493 1842 645 1905 suavitate
664 1862 730 1905 non
744 1861 872 1924 prorsus
891 1843 1065 1904 abhorreat.
1105 1861 1133 1902 v.
1152 1841 1207 1902 385

173 1933 342 1998 mamertia
360 1936 461 2024 vitae.
473 1952 508 2000 ut
528 1937 606 1999 dixit
619 1937 823 2000 Marklandus
844 1936 885 1999 ad
905 1937 980 1998 Stat.
994 1935 1061 1998 silv.
1080 1956 1103 2014 1,
1116 1954 1147 2014 4,
1164 1937 1210 2014 57,

226 2049 358 2093 somnus
379 2046 433 2111 est,
454 2031 532 2095 lucis
551 2031 674 2114 requies
693 2031 869 2094 secundum
890 2031 1043 2094 Senecam
1063 2031 1170 2109 (Herc.
1190 2029 1209 2090 f.

173 2143 213 2188 tat
231 2125 323 2203 1073).
364 2125 403 2188 de
423 2147 451 2188 v.
468 2128 524 2208 390
544 2126 615 2188 vide
633 2125 673 2188 ad
688 2127 754 2206 307,
776 2126 814 2189 de
835 2128 933 2189 verbo
954 2125 1043 2208 quod
1062 2140 1108 2188 est
1127 2125 1213 2206 capit

228 2220 279 2299 391
307 2219 347 2282 ad
367 2240 395 2282 v.
411 2240 484 2302 244;
513 2221 622 2302 incipit
644 2241 683 2284 ne
710 2221 858 2283 scriberet
883 2235 1021 2282 metrum
1044 2219 1211 2301 prohibuit

172 2327 212 2374 sat
227 2315 295 2396 (394
314 2314 484 2397 inceptum).
529 2338 559 2378 v.
580 2318 635 2396 392
661 2315 739 2396 quid
763 2315 822 2378 sibi
846 2314 921 2378 velit
936 2314 1032 2395 ferri
1052 2313 1209 2396 capulum,

226 2429 291 2490 quo
320 2430 393 2473 sane
419 2430 515 2476 nemo
545 2426 660 2473 terram
690 2409 780 2489 fodit,
810 2411 933 2492 assequi
963 2428 1029 2471 non
1058 2428 1208 2490 possum;

227 2522 429 2586 expectamus
447 2505 561 2588 palam
586 2505 634 2583 (cf.
656 2506 784 2568 Colum.
810 2526 852 2584 ro,
871 2507 930 2585 45),
961 2503 1021 2567 nisi
1051 2503 1132 2566 forte
1159 2504 1209 2564 in-

224 2614 435 2663 strumentum
466 2599 596 2682 aliquod
624 2599 807 2681 pastoriciae
834 2599 899 2662 sive
933 2598 1123 2662 domesticae
1153 2619 1209 2660 su·
1272 2599 1273 2649 l

224 2693 387 2774 pellectilis
400 2695 600 2758 nominatum
615 2709 680 2756 erat
694 2695 782 2776 quod
784 2693 881 2776 ferri
891 2694 924 2758 in
934 2713 1025 2758 usum
1038 2692 1208 2774 repetierit,

223 2786 310 2848 velut
329 2789 431 2852 trulla.
471 2808 548 2869 ergo
574 2808 614 2850 ne
640 2790 784 2870 sequenti
811 2788 942 2871 quidem
966 2807 1059 2851 versu
1083 2803 1208 2852 certum

225 2895 270 2943 est
290 2881 403 2944 Bembi
422 2882 679 2963 supplementum
698 2894 741 2958 ut,
761 2884 849 2966 quod
862 2881 979 2946 Birtius
996 2883 1017 2943 l.
1031 2903 1055 2944 s.
1076 2901 1208 2964 propter

223 2975 451 3058 synaloepham
472 2976 675 3058 improbavit;
692 2978 783 3060 fodit
799 2988 831 3043 et
848 2998 914 3040 non
935 2976 1110 3040 admodum
1131 2997 1207 3058 pro-

226 3070 329 3134 babile
349 3087 395 3134 est
415 3071 496 3136 inter
509 3075 604 3136 verba
623 3094 703 3156 quae
723 3089 797 3137 sunt
815 3071 959 3154 repetivit
975 3086 1006 3133 et
1025 3069 1205 3136 cumulavit.

142 3163 277 3232 satin.hic
302 3165 397 3247 igitur
423 3182 468 3230 est
494 3168 598 3250 operis
621 3187 818 3250 progressus:
849 3167 988 3250 primum
1012 3164 1112 3229 heum
1138 3186 1206 3230 con-

213 3260 366 3340 formare
391 3261 500 3343 incipit
521 3278 550 3326 et
571 3263 702 3345 quidem
726 3263 759 3326 in
781 3261 889 3326 orbem
909 3259 1043 3324 destinat
1060 3259 1078 3322 i.
1101 3281 1127 3323 e.
1150 3262 1206 3324 de-

222 3353 337 3434 scribit,
363 3372 511 3434 metatur;
542 3358 580 3420 cf.
602 3357 709 3421 Manil.
731 3377 759 3436 2,
781 3359 837 3438 773
868 3354 1007 3421 conditor
1035 3363 1067 3418 et
1088 3375 1205 3420 vamos

221 3449 325 3512 murts
353 3451 549 3516 circumdare
579 3452 670 3518 colles
699 3451 834 3515 destzizat
866 3461 937 3515 ante
966 3467 1079 3514 manus
1107 3469 1205 3532 quam

222 3551 345 3624 temptet
353 3545 620 3628 scmderefhssam
633 3563 702 3610 tum
712 3562 827 3610 terram
838 3546 946 3609 effodit
956 3561 1203 3628 congestamque

222 3638 363 3700 cumulat
383 3656 476 3722 atque
496 3661 611 3722 aggere
632 3641 848 3704 circumducto
873 3643 985 3705 orbem
1008 3639 1203 3722 praeforma-
