2600 4242
534 361 639 408 CVLEX

55 533 78 591 s
92 543 146 605 hic
167 543 256 604 Fabii
276 541 439 624 Denique,
460 543 511 605 hic
532 559 577 606 est
598 558 627 606 et
648 544 780 607 Horatia
798 543 904 618 virtus,

93 636 196 698 hicet
217 636 300 698 fama
320 653 417 712 vetus,
438 657 614 720 numquam
634 640 795 716 moritura,
816 638 952 714 Camilli,

92 731 223 794 Curtius
244 747 283 804 et,
305 732 416 795 mediis
436 735 717 814 quem'quondam
737 734 864 797 sedibus
885 732 970 794 urbis

93 827 248 889 devotum
267 828 387 909 pallens
407 829 603 909 consumpsit
623 849 738 910 gurges
759 829 792 890 in
811 828 906 904 unda,

93 922 220 984 Mucius
241 937 272 984 et
292 923 431 1003 prudens
450 922 597 985 ardorem
618 942 751 1004 corpore
772 943 889 1004 passus,

93 1016 234 1098 legitime
255 1017 346 1079 cessit
366 1017 417 1080 cui
439 1016 535 1082 fracta
554 1017 694 1099 potentia
714 1017 809 1098 regis;

92 1112 146 1175 hic
167 1111 284 1173 Curius
305 1112 405 1174 clarae
425 1111 530 1174 socius
550 1111 672 1173 virtutis
693 1127 723 1173 et
744 1111 795 1173 ille

96 1206 306 1285 †Flaminius,
328 1207 438 1269 devota
458 1207 544 1268 dedit
564 1208 619 1288 qui
640 1225 773 1287 corpora
793 1205 938 1269 flammae

24 1301 830 1382 ‚mmmmmmm

60 1409 66 1437 s
92 1397 321 1488 Scipi-&aeque
342 1399 447 1472 duces,
467 1416 606 1478 quorum
628 1397 741 1459 devota
761 1398 929 1478 triumphis
1073 1415 1114 1460 ato

93 1493 222 1554 moenia
247 1492 386 1574 trepidis
407 1492 544 1573 Libycae
565 1492 763 1573 Carthaginis
784 1493 922 1555 horrent.

65 1585 70 1591 '
91 1585 140 1648 illi
160 1586 253 1648 laude
274 1606 330 1649 sua
350 1587 489 1668 vigeant:
510 1606 571 1668 ego
592 1587 672 1650 Ditis
692 1608 809 1669 opacos

92 1699 194 1762 cogor
214 1680 299 1743 adire
320 1683 415 1760 lacus,
436 1682 558 1760 viduos,
580 1701 606 1756 a,
627 1680 747 1743 lumine
768 1682 900 1758 Phoebi,

91 1791 124 1837 et
144 1791 268 1838 vastum
288 1778 519 1859 Phlegethonta
539 1777 612 1858 pati,
633 1795 708 1856 quo,
732 1775 867 1838 maxime
889 1776 1003 1852 Minos,

91 1872 304 1934 conscelerata
324 1871 376 1952 pia
397 1871 546 1933 discernis
565 1871 691 1933 vincula
710 1871 792 1933 sede.

93 1986 171 2048 ergo
193 1967 256 2028 iam
277 1985 404 2028 causam
424 1967 544 2042 mortis,
565 1966 628 2027 iam
648 1965 752 2027 dicere
773 1965 853 2026 vitae

91 2062 277 2125 verberibus
297 2076 547 2142 saevae-cogunt
565 2064 625 2122 sub
646 2061 748 2122 iudice
770 2060 904 2138 Poenae,

94 2177 170 2219 cum
191 2157 270 2218 mihi
289 2172 324 2219 tu
345 2157 386 2218 sis
407 2176 499 2219 causa
521 2157 595 2218 mali
616 2176 674 2217 nec
694 2156 838 2218 conscius
858 2156 953 2234 adsis;

92 2251 151 2313 sed
172 2252 387 2314 tolerabilibus
407 2251 489 2312 curis
509 2252 586 2312 haec
607 2249 776 2313 immemor
795 2250 894 2328 audis,

92 2363 252 2409 ettamen
273 2363 308 2409 ut
332 2346 442 2412 avadis
463 2345 601 2408 dimittes
621 2345 729 2407 omnia
748 2345 856 2407 ventis.

68 2455 73 2515 l
92 2442 258 2523 digredior
277 2461 454 2522 numquam
475 2441 647 2503 rediturus:
668 2455 702 2502 tu
724 2441 793 2502 cole
814 2440 906 2502 fontis

91 2553 126 2599 et
145 2537 252 2598 viridis
273 2556 442 2599 nemorum
462 2536 554 2598 silvas
576 2550 605 2597 et
626 2555 740 2614 pascua
760 2534 873 2612 laetus;

92 2648 125 2694 et
146 2651 217 2692 mea
238 2631 365 2694 diffusas
385 2631 545 2713 rapiantur
566 2631 648 2693 dicta
666 2650 723 2711 per
742 2630 850 2691 auras'

92 2727 182 2803 dixit,
202 2742 232 2788 et
253 2743 391 2790 extrema
411 2727 504 2789 tristis
525 2745 599 2788 cum
618 2746 697 2787 voce
718 2725 852 2786 recessit.

152 2821 249 2885 Hunc
268 2822 325 2885 ubi
344 2821 514 2883 sollicitum
536 2821 653 2882 dimisit
677 2820 787 2881 inertia
809 2819 900 2896 vitae,

66 2937 75 2987 ,f
93 2917 225 2980 interius
245 2917 379 2998 graviter
399 2930 621 2996 regementem,
643 2935 702 2977 nec
722 2914 793 2976 tulit
814 2914 894 2975 ultra

93 3011 238 3074 sensibus
258 3011 400 3073 infusum
421 3010 529 3072 culicis
550 3010 589 3072 de
610 3024 711 3070 morte
736 3007 890 3085 dolorem,

94 3123 389 3190 quantumcumque
410 3106 470 3167 sibi
489 3106 570 3167 vires
591 3105 727 3166 tribuere
748 3102 861 3163 seniles

95 3202 177 3284 (quis
197 3217 303 3263 tamen
324 3200 474 3263 infestum
494 3219 640 3281 pugnans
660 3197 816 3259 devicerat
836 3197 981 3274 hostem),

94 3299 198 3360 rivum
219 3311 348 3377 propter
368 3316 468 3377 aquae
488 3295 579 3356 viridi
600 3296 658 3356 sub
680 3292 793 3354 fronde
814 3293 961 3353 latentem
1075 3315 1114 3358 390

145 3497 183 3555 361
199 3496 276 3540 oratio
324 3495 363 3554 3⁶²
382 3508 448 3540 mora
462 3493 525 3538 melli
572 3491 611 3550 363
631 3489 722 3534 medius
770 3489 809 3546 364
822 3489 887 3534 bellis
936 3489 975 3548 366
988 3490 1049 3533 lacta

94 3565 134 3624 368
142 3565 286 3610 flamminius
319 3564 419 3622 3691alis
451 3559 733 3621 370istarumpiadasque
767 3571 807 3617 374
817 3557 917 3602 maxima
951 3568 989 3615 375
999 3557 1049 3602 dis-

95 3635 170 3680 cernit
218 3633 258 3690 376
277 3646 415 3691 ergoquam
465 3631 555 3676 discere
612 3641 651 3688 377
670 3628 699 3672 ab
749 3627 789 3685 378
811 3627 924 3684 malignae
938 3627 1049 3672 conscius

95 3716 134 3762 379
146 3702 292 3749 tolerabilius
331 3702 369 3759 383
383 3702 505 3759 rapiuntur
543 3712 582 3757 390
595 3704 687 3756 praeter
701 3700 719 3738 B
