2600 4242
231 366 267 443 34
590 359 848 408 conuenturos

228 564 286 627 que
309 543 395 606 canit
416 563 476 606 non
498 543 620 625 pagina
640 542 753 605 bellum
778 542 866 605 triste
886 541 972 605 leve's
994 543 1141 624 ponitque
1162 545 1221 620 [ier

190 627 194 636 ⁴
232 639 361 721 Olympo
375 637 494 712 Pelion,
514 638 565 701 liic
583 641 659 713 reon]
681 634 834 716 Phlegra,
860 637 1012 718 Giganteo
1029 647 1152 717 sparsa
1170 650 1220 702 est

227 755 306 816 quae
318 733 472 813 sanguim
488 732 585 796 lellus.
606 766 645 778 -
665 731 740 793 item
753 730 966 794 Buechelerus
987 731 1134 813 disputat,
1156 735 1216 798 sed

227 828 417 911 elegantiore
438 827 536 890 utitur
554 827 788 908 supplemento:
812 826 961 907 ponitque
982 825 1080 902 [actes
1099 829 1217 909 quibus

188 937 215 982 st
227 923 356 987 horruit
370 923 459 999 olim]
474 921 626 1004 Phlegra.
648 956 685 966 -
706 941 733 983 v.
747 923 783 983 32
805 920 874 982 Itali
893 921 1151 986 emendaverunt,
1174 961 1215 972 -

188 1035 215 1079 to
227 1035 299 1100 post
318 1019 432 1081 reiecta
453 1015 532 1097 epici
552 1016 698 1078 carminis
718 1029 903 1095 argumenta
924 1035 951 1076 v.
968 1017 1003 1077 35
1027 1017 1138 1081 mollia
1156 1021 1220 1083 sed

226 1113 312 1176 tenui
321 1112 403 1194 pede
425 1130 556 1174 currere
575 1110 720 1173 cormi'no
743 1109 879 1188 (pagiua
899 1109 1033 1191 gaudet)
1058 1115 1155 1175 verba
1183 1131 1215 1177 et

226 1208 369 1270 absoluta
393 1225 487 1268 sensu
514 1221 544 1267 et
569 1223 716 1268 sermone
736 1202 873 1284 perfecta
899 1203 947 1281 (cf.
969 1225 997 1265 v.
1016 1224 1059 1283 17,
1080 1207 1145 1270 Cir.
1162 1229 1212 1289 20,

227 1302 304 1364 Hor.
319 1317 373 1363 sat.
388 1321 415 1380 2,
435 1323 457 1378 ι,
472 1302 523 1379 28;
550 1322 572 1379 1,
591 1321 633 1378 10,
660 1322 668 1361 r
693 1298 888 1378 e'rrcomposito
901 1298 974 1363 diri
987 1299 1065 1380 pede
1077 1321 1214 1366 currere

225 1416 335 1460 versus
354 1395 465 1476 Lucili]
491 1415 556 1458 non
581 1395 775 1458 mutabimus
801 1413 859 1456 nec
885 1394 1072 1457 mirabimur
1098 1396 1132 1458 in
1160 1399 1213 1460 his

226 1511 320 1554 versu
334 1489 456 1554 viribus
468 1500 542 1572 apta
553 1491 620 1553 suis
634 1489 758 1552 Phoebo
772 1487 847 1550 duce
860 1487 968 1550 ludere
977 1490 1105 1570 gaudet,
1127 1513 1214 1574 quae

226 1586 373 1650 rev'ocant
383 1585 462 1648 illud
472 1585 604 1668 Vergilii
613 1583 781 1665 Syracosio
791 1582 923 1664 dignata
932 1583 1094 1647 estludere
1102 1606 1212 1663 versu,

227 1699 300 1744 cum
321 1695 451 1742 accentu
475 1679 509 1742 in
533 1679 597 1756 fine
621 1698 729 1741 versus
752 1677 892 1758 positum
911 1698 1020 1753 versu‚·
1044 1700 1119 1742 nam
1141 1683 1211 1746 ludi

226 1791 328 1858 potest
341 1775 408 1837 sine
428 1795 519 1838 versu
540 1775 607 1852 (eci
627 1795 651 1852 1,
675 1793 709 1836 to
729 1772 837 1836 ludere
856 1793 936 1853 quae
954 1773 1065 1837 uellem
1084 1777 1212 1843 celeuma

221 1870 368 1951 permisit
385 1870 515 1952 agreste)
536 1885 567 1933 et
586 1869 619 1932 in
632 1889 725 1931 versu
739 1867 884 1930 faciendo
899 1869 1098 1949 potissimum
1112 1873 1211 1936 huius

225 1983 334 2046 poetae
364 1964 528 2046 opificium
558 1965 698 2045 positum
728 1979 782 2025 est.
832 1963 926 2025 simili
956 1965 1056 2027 modo
1086 1987 1210 2032 nornen
1283 1991 1284 2010 ¹

224 2058 310 2121 addit
324 2059 489 2123 Lucretius
508 2080 532 2138 1,
550 2060 609 2138 416
628 2079 724 2141 quari
744 2056 801 2120 tibi
818 2057 857 2119 de
875 2057 987 2139 quauta
1006 2080 1070 2122 una
1084 2081 1121 2124 re
1135 2084 1211 2126 ver-

223 2151 308 2216 sibus
327 2152 427 2214 omnir
446 2162 706 2234 argumentorum
724 2153 769 2216 sit
789 2153 877 2233 copie
901 2153 999 2216 meisa
1018 2164 1080 2235 per
1101 2177 1209 2223 aures.

224 2246 416 2310 constructio
437 2247 479 2309 ita
497 2248 613 2309 variata
633 2262 687 2324 est,
707 2262 743 2309 ut
762 2248 795 2309 in
809 2248 913 2329 priore
931 2253 1076 2313 membro
1089 2253 1209 2332 pagina

224 2341 358 2424 gaudeat
384 2342 472 2422 quod
497 2341 634 2405 carmina
661 2358 797 2422 currant,
823 2343 855 2405 in
881 2344 979 2406 altero
1003 2345 1070 2426 ipsa
1094 2346 1207 2411 ludere

184 2453 210 2497 st
223 2439 366 2520 gaudeat.
381 2473 417 2483 -
432 2437 489 2500 leuc
507 2436 566 2500 tibi
582 2458 610 2500 v.
624 2439 659 2518 37
681 2437 770 2518 quasi
790 2438 870 2500 redit
889 2439 928 2500 ad
943 2439 1022 2502 illud
1035 2440 1095 2502 tibi
1111 2462 1139 2502 v.
1158 2444 1207 2521 26,
1284 2455 1285 2468 *

224 2534 311 2615 quod
325 2535 423 2596 verbo
439 2532 585 2615 negativo
604 2548 770 2613 exceptum
790 2549 869 2610 erat;
890 2553 976 2596 nunc
995 2535 1207 2598 subaudimus

223 2630 279 2692 hoc
289 2628 346 2693 tibi
357 2628 461 2703 (ludit)
473 2627 587 2708 pagina
597 2627 647 2689 vel
657 2627 814 2689 volumen.
837 2628 887 2690 hic
898 2628 993 2709 igitur
1003 2630 1091 2692 lusus
1103 2651 1206 2712 puero

224 2723 361 2801 offertur,
382 2723 487 2784 futura
508 2723 574 2784 eius
594 2721 743 2802 gravitate
759 2740 825 2784 non
840 2723 968 2804 dignus;
993 2723 1049 2784 sed
1070 2744 1152 2805 quae
1173 2727 1206 2790 in

224 2837 323 2898 puero
344 2837 409 2879 non
431 2831 476 2878 est
496 2816 624 2878 materia
643 2816 754 2895 laudis,
775 2817 808 2877 in
821 2817 889 2880 viro
908 2819 965 2880 erit
979 2819 1121 2882 abunde:
1142 2821 1206 2884 hoc

223 2911 282 2972 sibi
298 2913 365 2972 vult
383 2909 596 2974 memorabilis
609 2910 729 2992 glert'a.
770 2911 932 2992 epitheton
953 2931 1018 2975 non
1039 2914 1099 2975 vile
1121 2930 1151 2977 et
1173 2917 1206 2978 in

224 3005 364 3068 dicendis
385 3007 479 3068 rebus
498 3021 622 3067 tantum
634 3006 742 3068 valens
757 3007 910 3087 quantum
931 3007 964 3069 in
984 3007 1067 3070 notis
1087 3009 1207 3074 incluta

218 3101 329 3183 gloria
353 3103 442 3179 (Aen.
464 3119 492 3178 2,
517 3101 576 3179 82),
607 3101 644 3162 cf.
670 3105 750 3164 Aen.
779 3122 822 3179 ιο,
847 3121 904 3181 792
934 3122 989 3165 nec
1018 3112 1054 3176 te,
1085 3103 1208 3169 devenir

223 3195 431 3269 memorande,
457 3194 553 3259 silebo
578 3212 609 3258 et
635 3216 716 3277 quae
741 3197 781 3259 ad
808 3196 971 3260 Ciceronis
997 3198 1035 3260 de
1055 3199 1114 3280 leg.
1141 3220 1164 3279 1,
1187 3203 1206 3264 8

224 3291 384 3353 Vahlenus
405 3290 573 3353 adnotavit.
613 3293 746 3354 verbum
767 3293 854 3373 quod
874 3307 919 3354 est
932 3302 1027 3356 certet
1038 3294 1206 3358 confirmat

223 3387 335 3467 triplex
356 3386 575 3450 coniunctivus
595 3392 704 3460 (certet
721 3421 758 3432 -
779 3397 909 3450 maneat
930 3422 966 3432 -
985 3397 1205 3465 memoretur);

224 3480 376 3560 significat
397 3481 481 3544 idem
503 3482 591 3562 quod
604 3503 632 3543 v.
649 3483 705 3561 349
725 3481 828 3543 maris
840 3481 925 3544 unda
937 3481 1095 3545 sideribus
1107 3493 1209 3546 certat

224 3594 420 3656 consurgere,
447 3577 505 3638 nisi
527 3576 615 3656 quod
640 3577 683 3637 ibi
704 3591 738 3637 ut
758 3577 835 3638 solet
857 3596 929 3638 cum
950 3576 1106 3638 infinitivo
1127 3597 1205 3639 con-

224 3669 367 3730 iunctum
388 3686 442 3731 est.
483 3671 535 3731 hic
554 3680 586 3732 et
602 3670 660 3733 tibi
671 3670 784 3751 glorier
803 3681 898 3734 certet
915 3671 933 3731 i.
949 3691 975 3731 e.
997 3671 1053 3732 tibi
1074 3691 1203 3752 quoque
