2578 4242
488 322 533 369 AD
547 323 575 369 V.
590 323 692 376 171-182
1043 325 1080 388 63

97 507 134 573 in
162 526 220 568 sua
248 505 323 567 sede
353 506 572 583 recubantem,
602 505 714 567 oculos
743 503 852 566 acrius
879 504 1013 567 intendit
1042 506 1083 583 (et

96 600 261 663 diffundit:
287 600 340 679 189
360 609 509 663 muntem
522 599 643 662 lurum
656 598 779 676 melius)
802 613 832 660 et
852 598 946 660 obvia
959 599 1084 680 saepius

95 695 251 776 arripiens
275 693 425 775 infringit,
453 695 573 757 maiore
598 694 716 757 scilicet
740 693 902 756 iracundia
925 693 1083 758 incensus.

88 792 178 852 ⁴haec
203 789 299 869 igitur
323 790 507 870 gradatione
537 789 675 870 quadam
705 787 891 852 narrationis
921 788 1083 852 continere

96 900 131 948 et
143 884 301 946 illustrare
313 882 442 945 studuit.
482 884 546 945 iam
565 893 701 946 neaerae
720 893 992 965 comparaturum
1005 884 1083 961 (178)
1097 905 1137 951 tta

95 979 216 1061 quibus
236 975 339 1041 verbis
365 997 432 1040 non
456 994 539 1041 recte
565 979 630 1041 duo
657 994 775 1059 puncta
794 979 984 1059 impingunt,
1010 997 1084 1040 nam

97 1095 167 1136 non
188 1073 234 1136 ira
254 1087 284 1134 et
303 1071 413 1134 sibilus
433 1072 585 1154 serpentis
601 1092 689 1136 arma
703 1089 777 1136 sunt
790 1075 879 1154 (179),
899 1074 955 1136 sed
976 1073 1084 1136 dentes

93 1186 130 1232 et
150 1187 320 1232 venenum.
361 1167 423 1229 hoc
442 1186 534 1229 versu
555 1169 633 1248 (179)
659 1168 772 1232 cecidit
796 1183 827 1230 et
852 1187 885 1230 se
911 1167 977 1249 ipse
1002 1167 1085 1232 indi-
1098 1184 1138 1229 tra

88 1264 182 1326 cavit
212 1263 365 1339 imitator;
403 1281 477 1325 nam
509 1263 597 1344 quod
624 1262 781 1344 Vergilius
808 1282 876 1324 aen.
901 1263 934 1336 6,
961 1264 1018 1342 607
1046 1262 1085 1325 de

97 1357 256 1420 furiarum
275 1355 414 1420 maxima
434 1357 592 1437 praedicat
612 1357 734 1421 suaerat
750 1378 815 1431 ore,
837 1356 870 1420 id
889 1358 941 1422 hic
961 1359 1002 1420 ad
1021 1378 1086 1420 ser-

96 1467 230 1534 pentem
242 1451 399 1514 transtulit
413 1451 526 1532 inepte.
567 1467 677 1516 contra
690 1452 832 1533 fhxe'lrus
850 1451 969 1516 euersas
987 1475 1016 1516 v.
1033 1454 1086 1516 180
1099 1474 1138 1518 tao

98 1549 183 1610 bene
204 1562 235 1610 et
254 1547 381 1627 proprie
406 1545 528 1610 dictum
554 1546 593 1609 de
619 1547 759 1610 motibus
784 1547 926 1610 funditus
949 1545 1087 1628 repetitis

96 1658 132 1704 et
153 1642 244 1723 quasi
264 1663 301 1704 ex
321 1641 389 1704 imo
409 1642 489 1718 solo,
508 1643 548 1702 ab
568 1642 662 1704 undis
683 1643 778 1705 maris
798 1658 924 1723 sumpta
937 1642 1085 1722 imagine,

93 1737 269 1818 evertitque
291 1757 432 1818 aequora
455 1737 554 1798 ventes
573 1740 653 1798 Aen.
679 1757 703 1811 1,
727 1739 777 1816 43,
806 1744 842 1798 ut
867 1756 996 1799 eversas
1019 1756 1085 1800 con·

86 1832 175 1895 -citet
190 1831 300 1893 Eurus
319 1850 421 1911 aquas
441 1831 535 1893 Ouid.
556 1832 621 1893 her.
636 1851 664 1910 7,
683 1851 732 1910 42,
752 1831 938 1911 rapiantque
952 1830 1087 1912 pelagus

96 1925 211 2006 infima
237 1945 381 1988 eversum
403 1925 469 1988 sola
488 1926 560 1987 Sen.
580 1930 693 2006 Agam.
706 1929 779 2005 475;
809 1925 847 1988 cf.
869 1925 1025 2007 Porphyr.
1046 1927 1086 1988 ad

100 2021 183 2082 Hor.
198 2020 290 2101 epod.
310 2041 352 2098 10,
375 2023 390 2081 5
413 2020 560 2099 (Monac.)
581 2056 617 2066 -
637 2042 666 2082 v.
686 2021 737 2082 182
758 2020 792 2082 in
805 2021 907 2083 verbis
925 2020 1088 2102 spiritibus
1100 2039 1139 2087 tat

96 2115 224 2196 rumpit
230 2117 347 2196 sareces
366 2114 511 2176 mutandi
532 2135 572 2178 ne
591 2115 734 2197 speciosa
754 2116 884 2197 quidem
898 2117 992 2194 ratio,
1012 2137 1087 2180 nam

97 2211 192 2292 quod
212 2211 252 2272 ad
272 2209 449 2272 subiectum
470 2210 591 2272 reditur
610 2212 710 2274 modo
731 2212 926 2290 derelictum,
947 2228 978 2274 et
998 2233 1038 2275 ne
1053 2233 1086 2275 re

97 2305 234 2387 quidem
255 2304 311 2366 sed
334 2322 482 2366 sermone
501 2303 656 2383 relictum,
682 2307 833 2370 minimae
857 2307 1005 2370 audaciae
1027 2323 1086 2384 est;

86 2401 143 2462 -de
163 2398 325 2480 spiralibus
349 2413 454 2460 autem
480 2399 610 2478 pluralis
636 2403 760 2464 numeri
784 2403 942 2464 vocabulo
966 2402 1087 2464 dictum

99 2509 150 2558 est
163 2494 204 2556 ad
216 2515 244 2555 v.
263 2513 325 2573 149.
356 2508 387 2556 at
400 2492 533 2555 mutatio
547 2494 611 2556 iam
625 2495 795 2558 inveterata
809 2495 940 2575 spiritus
952 2495 1091 2578 erumpit

87 2591 211 2671 fauces
239 2589 394 2651 sermonis
424 2589 489 2651 vim
518 2589 668 2668 debilitat,
689 2591 806 2670 fauces
835 2604 1027 2670 rumpuntur
1052 2603 1087 2652 ut

99 2685 178 2746 alias
198 2683 339 2763 ramices,
360 2685 455 2762 iecur,
477 2684 529 2746 ilia
549 2684 652 2762 (Lucr.
676 2685 702 2763 3,
722 2703 780 2764 29⁷
800 2694 931 2766 pectora
950 2684 1007 2766 qui
1014 2685 1086 2764 fre·

96 2779 182 2842 me'tu
194 2787 347 2858 rumpunt
356 2777 543 2860 plerumque
557 2781 736 2861 gementes),
757 2779 1018 2861 quandoquidem
1031 2799 1088 2860 per

100 2874 210 2936 fauces
236 2872 355 2934 exitum
380 2893 446 2935 non
470 2874 594 2937 videtur
618 2876 734 2938 habere
761 2875 859 2938 nimia
881 2874 928 2936 vis
952 2875 1087 2956 spiritus.

89 2968 211 3031 -minus
226 2967 323 3030 facilis
338 2968 476 3048 cuipiam
489 2968 632 3032 videatur
645 2971 788 3033 defensio
803 2971 899 3033 dativi
918 2969 970 3034 cui
980 2978 1088 3032 cuncta

92 3062 241 3146 paranti,
262 3081 358 3143 quem
378 3083 453 3125 sane
473 3063 513 3124 ad
532 3065 792 3128 commoditatem
806 3065 1087 3128 incommodumve

99 3158 242 3221 referens
263 3155 402 3219 Naekius
423 3159 464 3238 (p.
480 3159 546 3238 304)
567 3159 646 3221 nihil
670 3160 811 3240 profecit.
855 3161 911 3222 sed
935 3161 975 3223 ad
1000 3178 1088 3222 com-

100 3253 281 3335 parativum
299 3250 355 3332 qui
372 3267 418 3313 est
430 3253 528 3333 perier
540 3254 656 3316 relatus
672 3255 794 3318 dativus
808 3254 950 3318 eiusdem
963 3253 1087 3335 generis

98 3363 151 3410 est
176 3345 266 3408 cuius
292 3347 474 3428 exemplum
498 3369 537 3410 ex
562 3349 688 3413 Sallusti
718 3350 920 3412 historiarum
945 3348 1087 3410 secundo

100 3441 239 3524 petitum
252 3441 412 3520 novimus
437 3462 494 3523 per
518 3445 713 3507 Arusianum
738 3444 879 3506 Messum
907 3465 932 3505 s.
953 3441 1088 3523 irtfertar

98 3537 162 3601 tibi
185 3538 257 3615 (vol.
272 3556 300 3615 7,
319 3537 377 3616 488
399 3538 463 3616 K.}:
486 3537 539 3600 vir
552 3537 671 3620 grauis
694 3547 726 3600 et
747 3536 836 3600 nulla
854 3547 925 3600 arte
943 3537 1089 3619 curamue

89 3631 242 3712 ·ietsertier
266 3647 298 3693 et
321 3631 507 3695 inferiorum
533 3647 715 3714 temporum
741 3632 850 3710 multa,
881 3652 962 3713 quae
988 3632 1089 3714 tetigit
