2578 4242
469 337 514 383 nn
529 337 555 384 v.
572 337 675 385 rai-ree
1020 339 1059 400 55
1083 301 1084 308 ἵ

76 523 319 600 Taubmannus,
345 520 400 602 qui
425 520 517 582 etiam
546 535 628 583 recte
654 519 818 581 coniunxit
843 528 978 581 naturae
1001 519 1060 582 telo

75 619 94 679 i.
111 637 138 678 e.
155 616 301 678 acumine
322 615 403 694 (1843
429 615 506 694 178);
526 615 587 677 alia
600 613 739 695 Silligius
760 614 933 695 explicavit.
974 614 1061 694 plus-

75 711 351 794 quamperfectum
377 726 483 772 autem
509 710 597 791 quod
622 725 667 772 est
692 709 752 771 iata
776 718 849 771 erat
870 710 974 790 (atque
1000 710 1061 772 icta

75 827 153 870 cum
179 806 262 868 Italis
286 805 351 867 sive
375 814 458 867 tacta
484 825 558 868 cum
584 805 761 869 Schradero
791 805 964 866 scribamus
994 823 1061 866 non

75 902 219 964 multum
240 901 376 978 interest)
397 919 463 962 non
484 901 563 963 alius
575 900 699 981 generis
720 915 766 960 est
786 919 882 979 quam
904 898 992 980 quod
1012 898 1061 959 in*

74 997 219 1059 numeris
250 996 328 1059 locis
358 995 517 1057 invenitur
551 996 637 1076 apud
668 994 820 1057 Ovidium
849 993 1060 1074 potissimum,

73 1106 112 1154 ut
134 1092 204 1154 ista:
223 1099 403 1171 sumpserat
419 1090 538 1171 mara
559 1089 693 1152 Theseus
713 1089 789 1152 data
802 1087 917 1170 pocula
936 1087 1061 1166 dextra,

74 1205 149 1249 cum
167 1193 263 1266 pater
281 1186 315 1248 in
335 1185 443 1266 capula
462 1183 573 1267 gladii
594 1185 737 1266 cogxmit
760 1183 878 1246 eburno
899 1183 993 1264 signa
1011 1183 1065 1246 sui

68 1281 214 1362 generis.
256 1279 405 1360 equidem
430 1279 527 1360 igitur
550 1299 616 1346 non
641 1279 735 1341 video
756 1299 812 1341 cur
833 1280 918 1341 hunc
938 1278 1063 1359 potissi-

75 1395 170 1438 mum
187 1376 295 1438 locum
317 1375 407 1456 quasi
424 1375 625 1455 desperatum
639 1374 788 1455 insignire
802 1373 915 1455 optimi
929 1374 1062 1436 editores

73 1468 246 1532 voluerint.
286 1469 505 1532 testimonium
525 1484 632 1532 autem
653 1470 778 1532 nullum
799 1469 946 1550 estquod
961 1469 1062 1532 obiter

74 1564 214 1626 intuenti
244 1567 394 1646 praebere
423 1565 548 1626 videtur
579 1579 802 1645 argumentum
832 1565 1061 1626 Donatianum:

68 1668 186 1740 pastor
195 1660 358 1740 fatigatas
377 1669 464 1723 aestu
487 1677 558 1722 cum
581 1657 639 1720 sub
658 1658 775 1720 arbore
794 1658 1018 1721 condormisset
1034 1667 1065 1720 et

73 1764 208 1835 serpens
226 1754 273 1816 ad
288 1753 378 1817 dium
392 1763 580 1836 proreperet
596 1775 613 1815 e
626 1751 752 1834 palude,
780 1752 871 1815 culex
883 1753 1066 1835 provolavit

75 1859 173 1930 atque
196 1848 278 1911 inter
301 1849 363 1912 duo
388 1858 529 1930 tempora
552 1847 694 1911 aculeum
710 1846 793 1928 fixit
805 1848 939 1927 pastori.
988 1867 1062 1908 nam

76 1963 185 2024 neque
205 1943 293 2021 illud,
318 1964 335 2006 e
356 1944 482 2024 palude,
507 1959 650 2006 accurate
675 1941 794 2004 rettulit
815 1944 852 2020 lv.
866 1944 900 2021 s.)
927 1957 957 2004 et
982 1941 1064 2003 inter

76 2039 142 2101 duo
171 2047 311 2119 tempera
341 2039 429 2120 quod
460 2039 548 2116 dicit,
580 2040 689 2100 locum
719 2057 785 2098 non
815 2037 913 2100 alium
945 2037 1063 2116 delinit,

75 2153 195 2215 parum
215 2133 333 2196 definit.
374 2133 514 2215 adiungo
528 2131 648 2214 Vergili
661 2133 770 2195 locum
787 2133 842 2214 qui
855 2132 895 2194 ad
909 2132 1064 2196 sermonis

76 2249 182 2310 genus
202 2247 302 2309 prope
323 2228 442 2291 accedit
461 2243 492 2289 et
505 2228 645 2308 quodam
660 2228 759 2290 modo
772 2227 812 2289 ad
826 2246 894 2288 rem
908 2228 1063 2309 pertinere

75 2325 234 2402 videatur,
254 2343 321 2386 aen.
345 2343 388 2402 12,
409 2343 467 2390 270
486 2322 580 2385 hasta
598 2323 759 2385 vodtns—
772 2320 886 2384 harum
905 2341 1002 2382 unum
1021 2320 1069 2382 ad

77 2419 227 2497 medeam,
257 2417 372 2482 teritur
401 2437 465 2499 qua
493 2417 596 2480 sutiles
623 2417 695 2480 alvo
724 2416 845 2494 balteus
870 2425 901 2477 et
928 2415 1064 2477 laterum

77 2513 243 2576 aeneadas
264 2511 371 2594 fibula
399 2511 525 2574 mordet
551 2547 585 2556 —
618 2511 812 2592 transadigit
837 2518 937 2573 costas
966 2509 1010 2588 (ll.
1033 2517 1063 2572 A

82 2610 138 2670 132
158 2609 224 2689 sq.).

161 2701 247 2764 Ferit
264 2704 356 2785 plaga
374 2702 475 2764 fatalis
496 2700 638 2777 culicem,
664 2699 818 2762 obtritum
837 2711 944 2778 pastor
962 2696 1067 2760 Morti
1076 2717 1116 2763 sss

78 2797 171 2861 misit
187 2797 313 2877 scilicet,
333 2797 385 2860 cxi
401 2796 528 2860 disse'tus
546 2796 646 2858 amnis
657 2793 788 2875 spiritus
799 2792 934 2856 excessit
942 2812 1065 2868 sensus·

78 2893 135 2954 illa
162 2893 243 2973 epici
262 2908 374 2974 poetae
394 2892 524 2970 locutio,
550 2892 628 2954 haec
648 2888 840 2971 philosophi,
867 2903 898 2950 et
917 2888 1065 2969 Epicurei

79 2987 223 3068 quidem,
243 2987 347 3069 lepide
362 2985 493 3048 iocantis
513 2985 546 3045 in
560 3001 662 3048 morte
676 2983 783 3046 culicis
804 2998 945 3064 utraque.
980 3002 1064 3058 nam,

79 3099 116 3144 ut
142 3083 205 3144 hoc
229 3082 369 3162 primum
395 3078 571 3158 conficiam,
597 3079 711 3142 sensim
738 3080 826 3160 quod
851 3099 889 3140 ex
909 3077 1064 3140 Vossiano

79 3194 111 3242 et
138 3177 256 3239 Aldina
286 3176 379 3238 multi
409 3191 608 3256 receperunt,
638 3194 765 3236 sensum
796 3173 841 3235 rei
871 3171 1064 3233 contrarium

81 3272 268 3345 effecerunt;
298 3270 427 3352 spirtius
451 3268 583 3332 excessit
603 3286 711 3331 sensus
734 3268 806 3331 licet
829 3265 986 3347 Vergilius
1011 3280 1065 3330 aut

81 3367 217 3430 Ovidius
239 3385 305 3428 non
326 3365 466 3428 dicturus
487 3362 580 3426 fuerit
599 3379 629 3426 et
643 3363 791 3426 excedere
805 3363 962 3424 soleamus
976 3359 1064 3439 fines,

81 3462 195 3540 fidem,
225 3460 282 3522 sed
306 3461 437 3534 foribus,
467 3461 555 3533 urbe,
586 3457 658 3520 satis
683 3473 788 3518 tamen
813 3456 891 3517 illud
916 3474 1065 3536 compro-

82 3560 202 3636 batum,
217 3553 254 3618 cl.
271 3555 343 3618 Sen.
359 3555 441 3618 Oed'
451 3556 487 3615 23
501 3573 562 3616 reon
576 3572 633 3634 ego
639 3561 769 3633 penates
774 3551 937 3632 profligas
947 3549 1069 3614 excessi

82 3672 180 3727 eneas,
208 3651 326 3712 Lucan.
352 3670 381 3729 r,
405 3667 463 3729 497
481 3647 607 3729 patrias
629 3644 778 3709 excedere
797 3663 919 3722 maros3
949 3645 1016 3708 Liv.
1037 3665 1065 3725 2,

893 3758 908 3814 5
