2578 4242
458 326 504 378 AD
518 326 547 375 V·
560 339 669 386 195-300
1013 349 1046 409 91

63 521 165 588 poeta
195 507 387 594 neglexerit..
429 507 462 572 in
492 509 590 576 altero
620 524 726 576 autem
763 510 909 574 membro
938 507 990 572 leia
1018 508 1051 570 in

63 603 169 672 altero
188 601 250 665 ltac
269 600 384 684 posuit,
402 601 557 682 quoniam
578 621 644 664 non
664 617 699 690 ut
715 601 767 664 361
791 623 837 684 sq.
859 603 907 681 (ci.
924 604 980 683 398
994 604 1051 684 sq.)

64 695 417 782 communionemloci
436 696 493 759 sed
507 697 858 777 procedentesermone
878 698 944 760 duo
965 697 1052 777 paria

63 791 230 872 utrimque
258 791 432 854 adsidentis
456 790 594 854 indicare
618 791 734 869 voluit;
764 807 859 874 atque
885 793 929 855 sic
949 790 1051 873 pergit

63 907 95 948 v.
113 887 170 967 327
189 885 263 950 lua
279 885 372 967 gerit
387 903 518 954 aversos
535 883 644 966 proles
662 885 794 950 Larem
816 884 920 950 oulaes
942 901 974 950 et
993 873 1057 964 334Ι

63 979 120 1044 hic
139 989 171 1043 et
193 979 225 1044 Τ
218 978 362 1044 antahae
376 999 571 1061 generamea
586 980 689 1062 prolis
702 980 833 1046 Atrides
851 981 975 1054 assidet,
995 979 1051 1042 ubi

63 1085 98 1138 et
118 1093 188 1140 eam
208 1074 374 1138 notionem
394 1073 489 1138 habet
503 1095 600 1156 quam
613 1097 641 1138 v.
657 1077 714 1156 296
728 1077 845 1140 habere
858 1096 925 1140 non
938 1089 1050 1157 potest.

63 1170 120 1232 hic
150 1171 304 1234 ascribam
329 1168 512 1234 anacoluthi
537 1168 621 1232 illius
652 1172 834 1252 exemplum
858 1171 947 1234 aliter
973 1189 1051 1234 con·

64 1265 251 1342 formatum,
271 1263 388 1328 Aconti
407 1263 558 1346 epistulae
578 1285 607 1328 v.
626 1266 679 1345 178
701 1273 733 1330 et
748 1275 781 1330 tu
801 1266 951 1339 conaauo,
970 1274 1051 1330 certe

63 1377 126 1439 ego
144 1355 253 1422 soloas
272 1378 336 1430 ero,
361 1378 458 1440 quem
483 1379 609 1422 versum
633 1380 736 1442 nuper
760 1376 913 1445 temptare
936 1379 1051 1441 coepe-

64 1468 143 1517 runt
163 1468 194 1516 et
213 1473 254 1516 ne
273 1453 448 1518 Ehwaldus
468 1453 600 1535 quidem
626 1471 662 1518 ut
681 1455 753 1518 libri
772 1457 900 1520 tradunt
919 1455 1049 1537 recepit;

64 1549 164 1612 habet
187 1564 294 1612 autem
320 1549 507 1614 adverbium
532 1551 647 1615 eodem
673 1551 780 1614 colore
806 1552 962 1634 insignem
983 1569 1050 1631 quo

64 1657 115 1704 est
138 1643 225 1722 apud
245 1643 436 1708 Ciceronem
461 1645 500 1707 de
520 1643 580 1727 leg.
605 1667 630 1718 ι,
651 1647 687 1708 35
713 1665 756 1710 ex
779 1644 830 1710 leit
854 1645 947 1720 enrin,
969 1664 1050 1726 quae

62 1736 185 1814 derasa
210 1738 312 1802 Atte'co
334 1739 468 1814 viderer,
493 1740 576 1806 medi
597 1740 722 1822 quedem
747 1749 836 1819 certe,
866 1759 908 1804 ex
932 1749 1050 1803 namra

61 1841 173 1897 oraim
191 1852 258 1895 esse
278 1832 343 1908 aaa·
372 1855 446 1898 nam
471 1835 529 1898 ista
552 1835 597 1898 sic
618 1834 779 1898 Vahlenus
804 1834 974 1906 constituit.
1014 1849 1050 1899 ut

61 1928 143 1991 illuc
176 1927 353 2007 redeamus,
384 1950 465 2011 quae
496 1929 678 2012 interposita
707 1945 781 1995 sunt
799 1951 828 1994 v.
849 1949 906 2010 297
936 1927 1102 2004 Peleustet

59 2042 203 2103 namque
221 2031 253 2086 et
269 2022 452 2088 Telamonia
463 2023 566 2088 virtus
581 2033 642 2105 per
653 2043 765 2090 secura
772 2023 879 2106 patris
892 2023 1051 2088 laetam

59 2116 199 2180 numina
218 2117 303 2180 idem
324 2118 388 2182 lere
408 2119 468 2182 sibi
487 2119 600 2183 volunt
626 2119 714 2201 quod
733 2137 762 2182 v.
779 2118 836 2180 262
855 2117 989 2184 Alcestis
1008 2118 1050 2202 ab

59 2211 155 2276 omni
172 2211 333 2282 mamiato.
346 2223 443 2279 vacat
458 2235 546 2289 aera,
571 2215 623 2277 illa
648 2213 734 2296 quod
746 2213 876 2286 Adrneti
887 2213 968 2292 fata
986 2233 1050 2292 mo·

59 2315 178 2379 ratast,
199 2305 232 2368 hi
245 2317 310 2388 per
327 2327 441 2374 secura
452 2310 561 2391 patres
579 2309 719 2383 numeria,
739 2309 778 2370 cf.
799 2312 893 2372 Aetn.
909 2329 928 2388 9
947 2327 1050 2380 aurea

58 2401 172 2465 securi
197 2402 267 2482 qais
295 2403 393 2478 noscit
417 2403 543 2468 saecula
572 2403 681 2485 regis?
712 2422 827 2484 nempe
857 2403 913 2484 qui
941 2405 1048 2477 Aeaco

61 2512 153 2577 patre
175 2497 281 2575 utitur,
302 2498 370 2561 iure
389 2519 450 2563 suo
469 2498 555 2580 apud
575 2499 692 2561 inferos
705 2517 781 2560 cura
794 2511 891 2560 vacat.
932 2497 1048 2560 deinde

61 2590 154 2672 quod
175 2590 339 2672 utriusque
364 2593 508 2656 conubiis
537 2592 636 2658 Venas
661 2601 693 2655 et
709 2591 811 2656 vota
829 2591 979 2656 latorem
998 2592 1047 2654 in·
1059 2603 1100 2650 299

61 2683 204 2749 iunxisse
237 2679 414 2765 dicuntur,¹
438 2709 512 2750 sane
547 2708 614 2751 non
647 2703 765 2750 temere
799 2687 851 2750 ille
885 2687 1049 2757 coniunxit

60 2779 229 2844 Honorem
241 2789 273 2843 et
288 2781 445 2846 Virtutem.
476 2783 514 2846 cf.
526 2783 583 2850 358
597 2781 786 2864 alapartles
798 2781 923 2846 viram
932 2782 1050 2848 honore

62 2876 154 2955 (item
173 2874 299 2940 viraetts
316 2877 433 2944 honore
454 2878 578 2941 luvenc.
599 2898 627 2957 2,
649 2878 704 2940 355
726 2876 781 2938 ubi
801 2875 962 2942 adnotavit
983 2877 1050 2940 Cu·

61 2970 133 3034 licis
158 2971 267 3034 locum
292 2972 492 3051 Huemerus),
517 2973 592 3036 Stat
613 2971 679 3037 silv.
701 2991 730 3050 2,
751 2973 778 3049 3,
799 2973 838 3051 64
858 2981 991 3053 pastore
1016 2972 1049 3036 in

57 3075 186 3148 pectore
203 3065 308 3130 sedem
329 3065 461 3130 blandas
479 3066 576 3134 leonas
589 3065 764 3148 hilaresque
778 3102 815 3112 -
828 3067 944 3142 viram
964 3067 1049 3130 Mes-¹

61 3162 160 3224 sallae
180 3160 321 3224 Telesini
345 3162 454 3224 titulus
480 3162 516 3224 C.
532 3163 554 3224 Ι.
569 3161 604 3224 L.
626 3183 654 3242 9,
676 3180 756 3241 2214
779 3160 908 3224 letaris
932 3169 964 3222 et
984 3159 1048 3223 oir-

62 3256 137 3320 tatis
167 3275 272 3318 causa.
323 3271 417 3338 atque
447 3256 487 3318 de
517 3257 614 3332 Peleo
645 3256 732 3330 nulla
763 3254 932 3319 dubitatio:
965 3254 1100 3336 cepiteoo

62 3350 237 3426 Thetidem
257 3369 349 3412 amor
367 3350 426 3412 viri
449 3349 624 3429 fortissimi;
644 3351 700 3412 sed
720 3351 760 3412 de
779 3349 957 3428 Telamone
978 3369 1048 3412 cor·

62 3461 156 3527 rupta
177 3445 255 3509 haec
274 3445 356 3508 hanc
375 3444 484 3526 rapuit
490 3446 582 3526 ferit.
624 3465 698 3507 nam
725 3445 813 3525 quod
837 3445 979 3524 sequitur
998 3453 1052 3507 ast
1091 3515 1093 3519 ¹

62 3555 168 3622 potest
190 3559 265 3603 sane
290 3540 330 3602 ad
354 3559 489 3622 sequens
519 3560 699 3621 pronomen
728 3540 903 3603 secundum
929 3540 1049 3622 Vergili

63 3637 197 3716 eiusque
211 3634 404 3711 imitatorum
419 3654 542 3699 morem
556 3635 693 3716 adsumi3
714 3635 828 3712 eodem
847 3654 954 3698 versus
974 3637 1048 3714 loco
