2600 4242
507 307 691 354 amerino
1055 333 1089 392 17

184 489 342 570 Lepidum
357 487 512 568 poematis
526 504 749 570 argumentum
767 493 852 570 (nam
865 491 1008 573 lepidum
1023 513 1089 556 esse

101 603 171 645 non
192 583 320 664 negabit
337 583 363 644 si
382 583 452 664 quis
466 600 689 664 argumentum
704 585 803 665 magis
821 604 917 666 quam
932 588 1090 650 tractatio-

101 699 180 740 nem
198 679 385 757 consideret)
408 699 446 740 eo
467 679 566 742 modo
587 697 716 743 auctum
737 696 767 742 et
788 681 930 742 inflatum
944 682 1089 745 videmus

102 793 170 854 quo
184 793 202 835 a
218 773 320 854 poetis
334 773 466 836 novellis
481 774 602 855 graecis
617 790 647 836 et
660 775 763 837 latinis
783 795 875 856 saepe
890 775 1008 838 factum
1022 798 1088 840 esse

99 869 267 949 probabile
289 884 343 930 est.
381 887 577 950 quamquam
596 870 658 932 hoc
679 890 780 932 unum
795 871 977 951 exemplum
991 871 1089 933 habe-

99 983 174 1026 mus
194 964 297 1026 tenuis
319 978 349 1026 et
373 963 512 1025 ludicrae
533 963 681 1025 materiae
702 965 741 1025 ad
761 965 971 1046 granditatem
989 985 1088 1028 sonus

98 1058 224 1120 heroici
245 1059 342 1120 elatae
363 1077 437 1119 cum
457 1057 632 1120 imitatione
653 1058 759 1140 epicae
781 1059 981 1138 elocutionis3
1012 1080 1086 1123 nam

98 1153 241 1216 carmina
262 1153 366 1234 qualia
384 1153 498 1214 Aviani
520 1152 640 1215 fabulas
660 1153 723 1215 huc
742 1173 839 1216 nemo
859 1155 969 1216 trahet.
1009 1155 1086 1218 item

98 1249 244 1310 doctrina
269 1267 366 1330 quant
390 1262 524 1310 ostentat
543 1263 637 1329 poeta
656 1267 723 1311 non
744 1248 849 1310 minus
866 1269 963 1330 quam
979 1249 1085 1331 impli-

97 1359 207 1408 catum
233 1359 263 1405 et
285 1343 457 1425 figuratum
480 1341 650 1405 locutionis
669 1362 770 1424 genus
791 1343 830 1404 ad
851 1344 1085 1407 neotericorum

95 1453 267 1520 poetarum
287 1438 471 1500 affinitatem
492 1438 585 1500 illurn
605 1438 755 1519 adiungit
796 1459 900 1520 neque
921 1458 996 1501 vero
1018 1440 1086 1520 ipse

94 1548 323 1615 argumentum
351 1533 472 1613 primus
499 1532 618 1595 invenit
650 1549 680 1594 et
708 1534 863 1609 tractavit,
897 1534 952 1596 sed
979 1535 1085 1614 graeci

93 1643 220 1712 poetae,
241 1627 375 1710 profecti
395 1627 479 1690 illius
504 1648 521 1690 a
545 1628 658 1690 labella
679 1628 783 1709 aliqua
803 1630 925 1710 vulgari
945 1629 1082 1709 (qualem

94 1726 136 1786 de
158 1724 333 1787 Cissamide
349 1724 420 1786 Coo
441 1722 708 1785 narratiunculam
722 1723 837 1785 Birtius
853 1723 892 1785 de
908 1723 1084 1786 halieuticis

93 1841 126 1901 p.
141 1822 176 1881 52
187 1839 232 1900 sq.
249 1819 401 1898 contulit),
416 1817 576 1898 exemplar
589 1825 715 1880 secutus
729 1837 795 1878 esse
808 1817 944 1894 videtur;
966 1837 1082 1899 nempe

92 1916 164 1976 sine
185 1916 332 1997 exemplo
346 1914 372 1975 si
389 1926 613 1994 argumentum
626 1925 794 1990 tractasset,
814 1912 955 1974 accidere
969 1927 1082 1992 poetae

91 2029 163 2072 non
180 2010 343 2091 potuisset,
363 2024 398 2070 ut
411 2027 521 2088 graves
535 2025 583 2068 res
599 2005 639 2067 ad
652 2020 875 2086 argumentum
889 2006 1081 2087 pertinentes

90 2104 188 2186 plane
209 2105 398 2186 neglegeret,
422 2123 485 2184 qua
506 2102 545 2163 de
572 2121 604 2162 re
626 2113 822 2182 exponemus
842 2102 881 2163 ad
902 2123 929 2163 v.
945 2121 1003 2165 210
1023 2124 1078 2185 sq,

90 2201 134 2262 de
156 2200 225 2262 aliis
245 2201 370 2281 passim.
391 2199 447 2261 sed
467 2218 533 2260 non
552 2195 701 2276 expressit
721 2197 880 2278 exemplar
899 2218 1003 2276 suum,
1023 2198 1080 2260 sed

88 2296 195 2357 libero
215 2315 324 2376 gressu
348 2293 497 2355 incedens
518 2311 580 2372 qua
601 2291 736 2352 ducebat
756 2291 860 2370 poesis
879 2292 1079 2374 Vergilianae

88 2389 237 2468 imitatio,
263 2390 461 2469 sequebatur.
502 2387 588 2464 haec,
616 2401 724 2466 utpote
749 2385 781 2447 in
802 2406 895 2448 sensu
916 2404 946 2449 et
967 2389 1078 2468 opina·

88 2487 179 2547 tione
201 2502 351 2566 magnam
370 2497 491 2563 partem
512 2480 623 2561 posita,
650 2500 717 2543 non
737 2482 872 2563 amplius
892 2502 1077 2562 persequar,

87 2580 255 2642 videamus
287 2596 405 2658 ecquae
433 2576 471 2636 de
499 2575 574 2637 editi
604 2574 750 2637 carminis
784 2574 913 2638 historia
943 2577 1077 2640 certiora

88 2674 226 2756 proferri
246 2673 375 2754 possint.

169 2769 217 2830 De
244 2766 426 2849 appendicis
452 2765 650 2846 Vergilianae
678 2765 807 2828 historia
833 2781 863 2827 et
890 2763 958 2826 fatis
984 2767 1076 2829 multi

88 2865 326 2946 quaesiverunt;
357 2861 473 2943 quibus
509 2859 745 2941 quaestionibus
775 2859 920 2922 nocuisse
951 2861 1077 2923 videtur

88 2960 200 3036 opinio
228 2980 246 3020 a
270 2958 392 3020 Naekio
418 2959 522 3035 (carm.
547 2956 614 3018 Val.
636 2955 705 3018 Cat.
726 2975 756 3035 p.
776 2955 842 3033 223)
867 2972 1018 3036 concepta
1044 2972 1074 3018 et

87 3058 128 3116 ab
150 3054 299 3116 omnibus
320 3066 445 3133 recepta
466 3052 504 3113 de
526 3070 658 3132 corpore
680 3050 910 3130 opusculorum
931 3051 1074 3132 Vergilio

87 3150 307 3230 ascriptorum‚
335 3148 422 3228 quod
447 3149 486 3209 ab
512 3145 578 3226 ipsa
603 3144 786 3225 antiquitate
807 3144 846 3206 ad
867 3160 972 3206 nostra
992 3160 1073 3206 tem-

87 3263 166 3324 pora
190 3243 375 3325 pervenerit.
417 3260 479 3321 qua
501 3242 539 3303 de
564 3261 596 3302 re
618 3239 695 3320 quid
714 3240 916 3301 statuendum
934 3239 972 3300 sit
995 3259 1072 3300 con-

86 3339 271 3401 sideremus.
321 3354 414 3418 atque
442 3335 581 3417 primum
613 3335 743 3414 quidem
769 3334 857 3414 quasi
884 3334 1071 3397 laterculum

87 3434 248 3514 quendam
270 3431 463 3496 collectionis
483 3430 567 3492 illius
588 3429 708 3490 tradere
729 3445 840 3510 putant
855 3429 1016 3490 Donatum
1037 3429 1070 3490 in

86 3529 207 3609 Vergili
227 3529 290 3590 vita
311 3549 326 3590 e
349 3526 481 3590 Suetoni
501 3543 596 3606 opere
617 3523 813 3604 transcripta;
839 3523 893 3603 qui
914 3523 1071 3604 epigram-

87 3640 169 3685 mate
184 3624 217 3685 in
229 3623 389 3685 Ballistam
403 3622 507 3683 adlato
523 3619 566 3681 sic
576 3620 678 3700 pergit
691 3639 720 3700 p.
731 3621 766 3681 58
781 3619 818 3680 R.
845 3617 953 3680 deinde
968 3619 1071 3699 (fecit)

881 3747 895 3784 2
