2600 4242
174 1147 296 1255 Culex
316 1186 437 1268 Vergili
461 1203 556 1249 notus
587 1202 652 1249 erat
673 1187 802 1250 Lucano
829 1188 1078 1267 adulescentulo⁷

92 1281 159 1362 qui,
180 1297 216 1344 ut
236 1297 339 1344 narrat
359 1282 529 1344 Suetonius
550 1283 590 1363 (p.
604 1285 641 1345 50
655 1282 756 1360 Reiff.)
770 1282 972 1363 praefultum
998 1302 1076 1362 qua-

92 1376 168 1438 dam
199 1385 330 1438 aetatem
358 1385 390 1438 et
415 1376 507 1439 initia
531 1396 591 1438 sua
617 1395 687 1438 ctam
723 1375 860 1457 Vergilio
890 1386 1080 1457 conparans
1180 1384 1184 1392 '

92 1489 189 1532 ausus
203 1478 251 1531 est
261 1471 336 1550 (quo
350 1473 448 1533 verbo
463 1470 523 1532 nisi
539 1485 679 1533 uteretur
692 1471 873 1550 Suetonius,
887 1471 1076 1533 modestiam

92 1564 168 1626 dicti
188 1567 441 1645 agnosceremus)
462 1564 578 1628 dicere:
597 1574 629 1628 et
646 1575 796 1646 quantum
815 1565 897 1629 metz·
918 1575 1018 1629 restat
1034 1565 1083 1628 ad

97 1657 244 1722 Culicem.
285 1678 365 1740 quae
386 1659 538 1741 praefatio
557 1675 661 1741 potest
680 1661 794 1742 scripta
815 1680 881 1722 esse
902 1661 966 1723 fere
987 1676 1076 1723 octo-

93 1754 179 1834 ginta
204 1754 294 1816 annis
313 1770 386 1835 post
400 1770 538 1817 mortem
555 1754 683 1835 Vergili,
708 1754 834 1816 saeculo
856 1769 927 1835 post
945 1755 978 1815 id
995 1771 1076 1816 tem-

93 1868 153 1929 pus
177 1868 242 1930 quo
266 1849 411 1912 Culicem
432 1869 450 1911 a
475 1848 615 1929 Vergilio
641 1848 792 1930 scriptum
813 1869 880 1911 esse
905 1849 1076 1912 Suetonius
1135 1861 1137 1870 ·

93 1943 186 2005 tradit
199 1963 230 2024 p.
246 1945 283 2006 58
304 1944 340 2006 R.
381 1945 462 2006 inter
475 1944 596 2006 Lucani
616 1959 721 2005 autem
736 1959 766 2006 et
779 1943 912 2006 Suetoni
933 1958 1076 2025 tempora

93 2057 159 2099 non
180 2037 279 2118 magis
305 2058 403 2119 quam
423 2037 469 2100 illi
499 2039 537 2099 de
564 2037 711 2100 carminis
737 2039 858 2120 origine
889 2039 1075 2102 dubitabant

93 2132 209 2194 Statius
230 2133 306 2210 (silv.
333 2153 343 2195 t
371 2132 481 2214 praef.;
503 2153 530 2211 2,
550 2153 578 2214 7,
596 2134 646 2212 ¹74)
669 2149 699 2195 et
722 2134 872 2195 Martialis
898 2135 936 2212 (8,
958 2135 1004 2211 56,
1025 2153 1077 2212 203

96 2246 140 2306 14,
161 2227 218 2304 85).
267 2241 361 2307 atque
381 2228 533 2308 primitias
558 2229 688 2310 quidem
712 2227 779 2290 illas
806 2248 872 2290 esse
903 2228 975 2290 artis
998 2228 1077 2290 Ver-

92 2322 227 2403 gilianae
253 2342 364 2385 omnes
384 2325 594 2402 consentiunt,
625 2342 644 2384 a
663 2338 757 2403 poeta
777 2344 843 2386 non
865 2323 1003 2386 sedecim
1021 2343 1078 2385 an·
1109 2391 1113 2398 ,

93 2436 221 2495 norum,
241 2434 276 2480 ut
296 2418 381 2499 apud
401 2418 591 2481 Suetonium
611 2417 734 2498 legitur,
761 2417 906 2479 Culicem
925 2418 1076 2498 scriptum

93 2533 160 2575 esse
185 2513 302 2575 Statius
330 2513 446 2576 iudicat
475 2531 548 2575 cum
574 2511 766 2573 Pharsaliam
792 2511 957 2572 Lucanum
989 2531 1078 2572 com-

92 2607 236 2688 posuisse
256 2608 332 2672 dicit
355 2618 427 2672 ante
450 2626 550 2670 annos
575 2603 693 2671 Culicti
711 2605 907 2668 Maroniani.
952 2621 1078 2668 contra-

93 2702 177 2764 rium
203 2703 420 2767 testimonium
446 2703 571 2767 nullum
596 2716 688 2779 extat,
718 2701 875 2782 siquidem
904 2701 1076 2764 testimonii

92 2797 167 2859 loco
187 2797 296 2860 haberi
317 2817 382 2862 non
397 2813 500 2879 potest
520 2797 608 2878 quod
629 2796 661 2859 in
675 2795 738 2858 vita
751 2794 857 2856 Valeri
871 2794 968 2858 Probi
989 2816 1077 2858 com-

93 2893 249 2955 mentario
273 2894 443 2974 praemissa
464 2911 567 2975 neque
592 2892 675 2954 illius
701 2910 804 2971 neque
824 2890 960 2952 aliorum
981 2910 1077 2971 opus-

94 2987 242 3049 culorum
262 2988 403 3069 Vergilio
424 2989 633 3069 ascriptorum
653 2986 773 3049 mentio
795 2985 874 3047 facta
894 3000 948 3048 est.
989 2985 1077 3066 atqui

94 3101 222 3145 carmen
242 3102 308 3145 non
329 3103 395 3146 esse
421 3103 439 3145 a
459 3083 599 3164 Vergilio
625 3081 777 3162 scripturn
803 3096 868 3142 tam
893 3096 978 3144 certo
1000 3100 1077 3142 con-

93 3192 162 3254 stat,
193 3193 228 3239 ut
258 3177 365 3240 mirari
396 3177 525 3258 quidem
553 3178 643 3240 liceat
673 3175 891 3256 antiquitatem
916 3189 948 3238 et
967 3189 1078 3255 poetas

93 3291 245 3335 romanos
265 3273 344 3335 falso
362 3273 492 3335 nomine
507 3272 665 3352 deceptos,
692 3269 835 3332 dubitare
855 3269 933 3350 quin
954 3269 1076 3350 decepti

94 3367 211 3429 fuerint
231 3386 297 3430 non
316 3367 416 3430 liceat.
456 3367 537 3430 adeo
558 3382 590 3429 et
608 3385 713 3428 sermo
735 3365 874 3426 diversus
895 3379 941 3426 est
960 3384 978 3426 a
998 3365 1077 3425 Ver-

93 3462 223 3544 giliano,
249 3482 363 3543 nempe
388 3465 541 3526 obscurus
569 3477 599 3524 et
618 3459 798 3541 impeditus,
824 3474 854 3520 et
873 3479 922 3520 ars
946 3459 1075 3537 diversa,

94 3573 130 3620 ut
150 3577 232 3639 quae
256 3557 296 3619 sit
315 3558 436 3620 astricta
457 3559 579 3640 legibus
599 3555 740 3637 Vergilio
760 3553 889 3635 ignotis3
915 3573 995 3636 quae
1021 3554 1076 3636 qui

94 3672 195 3734 puero
210 3667 332 3733 poetae,
352 3654 495 3734 quamvis
509 3657 547 3716 ab
563 3653 704 3714 eiusdem
719 3649 927 3712 adulescentis
946 3649 1078 3731 ingenio
