2578 4242
230 343 268 422 76
587 341 849 388 COMMENTARIVS

229 522 372 604 igiturfi,
395 523 464 602 5:78
490 520 649 585 Tartarus
668 521 733 603 ipse
752 521 798 584 bis
816 521 937 602 patet
922 541 955 584 tn
975 532 1127 605 praeceps
1150 533 1213 588 tan-

230 624 295 680 tum
314 615 467 698 tendatque
485 616 542 679 sub
562 615 703 689 umbras,
723 625 857 698 quanttes
875 614 924 678 ad
938 616 1112 680 aetherium
1134 619 1216 684 caeli

178 720 384 792 ussuspectus
407 710 579 793 Ohmpurn.
621 711 659 772 de
680 732 708 772 v.
724 710 779 772 233
802 709 866 772 dixi
886 709 927 772 ad
946 731 974 772 ν.
994 713 1055 791 168,
1077 713 1115 775 cf.
1132 717 1212 777 Aen.

230 807 258 887 6,
281 808 335 869 565
362 807 431 888 insa
456 805 548 870 deum
571 815 690 885 poenas
714 805 818 869 docuit
837 814 959 886 perque
982 806 1088 868 omneis
1112 807 1213 872 duxit.

177 916 258 964 esav.
274 903 331 964 236
351 900 528 965 rescindere
551 899 671 963 caelum
692 900 864 962 Vossianus
889 919 927 962 ex
949 900 1088 981 Vergilio
1117 902 1214 965 inter-

230 996 349 1078 polavit
370 997 407 1074 (6,
431 996 485 1058 583
507 995 545 1058 cl.
560 1015 667 1075 georg.
693 1015 717 1072 1,
737 995 819 1073 28o);
839 1009 948 1056 notam
969 1013 1037 1067 rem
1056 1015 1123 1058 non
1146 1017 1213 1059 me-

230 1109 390 1152 morarem
420 1089 446 1151 si
476 1089 509 1150 in
539 1089 603 1150 ulla
630 1088 770 1151 editione
793 1088 869 1150 inde
899 1090 939 1150 ab
964 1089 1132 1170 Heyniana
1164 1093 1211 1171 (cf.

230 1185 424 1250 Schradetus
447 1183 570 1246 emend.
592 1203 621 1264 p.
641 1185 684 1263 19)
709 1202 821 1245 verum
845 1185 980 1245 verbum
1005 1203 1210 1266 compareret.

231 1293 359 1359 apparet
378 1294 484 1341 autem
505 1278 568 1342 iam
589 1298 627 1340 ex
641 1278 890 1342 Cimmeriorum
905 1278 1075 1354 mentione,
1097 1281 1212 1344 deinde

232 1393 270 1434 ex
291 1372 345 1434 Oti
366 1389 396 1436 et
415 1373 578 1454 Ephialtae
599 1388 630 1438 et
650 1373 790 1436 Latonae
811 1372 1003 1448 nominibus,
1031 1393 1113 1454 quae
1133 1378 1213 1440 Ver·
1274 1409 1275 1412 ¹

229 1467 323 1548 gilius
349 1469 543 1542 nonhabet,
574 1482 700 1548 poetam
731 1467 798 1551 ipsa
822 1468 957 1530 Homeri
982 1470 1093 1551 necyia
1118 1490 1211 1534 usum

231 1582 311 1640 esse;
337 1563 493 1644 Vergilius
518 1563 611 1625 etiam
641 1563 812 1626 Tantalum
839 1577 869 1624 et
894 1562 1067 1645 Sisyphum
1097 1565 1211 1642 omisit,

175 1671 217 1719 241
230 1677 343 1720 eorum
356 1657 530 1739 ‚descriptio
552 1677 626 1720 cum
640 1657 811 1719 Homerica
825 1658 972 1721 concinit.
1005 1668 1095 1722 extat
1111 1682 1140 1722 v.
1156 1680 1207 1740 ²41

229 1753 404 1816 necessaria
424 1769 470 1816 est
488 1751 610 1816 Heinsii
631 1752 827 1814 emendatio:
847 1753 971 1820 ἑσταότ’
1000 1753 1036 1818 ἐν
1063 1755 1171 1845 λίμνῃ,
1194 1755 1211 1840 7‘

230 1848 267 1912 δὲ
289 1850 497 1936 προσέπλαζε
519 1853 642 1930 γενείῳ,
665 1846 711 1909 sic
730 1862 837 1909 tamen
858 1869 875 1910 a
894 1864 1016 1929 sperata
1035 1848 1102 1911 sitis
1123 1851 1211 1912 seda-

177 1942 318 2005 notione
344 1944 376 2005 in
401 1945 509 2006 omnia
533 1942 705 2005 revolvitur
730 1942 768 2020 (v.
788 1944 832 2020 s.).
871 1951 1034 2006 revecanes
1057 1944 1212 2007 sciliceta

147 2036 365 2100 asstueorum
390 2058 506 2102 mensa.
552 2037 651 2118 magis
676 2037 733 2100 ista
760 2037 954 2118 comparatio
985 2058 1041 2100 nos
1067 2038 1154 2102 iuvat
1180 2040 1210 2101 in

229 2130 356 2212 Sisyphi
385 2134 509 2211 labore,
539 2133 595 2214 qui
630 2134 714 2198 λᾶαν
740 2135 808 2198 ἅνω
842 2133 968 2204 ὤθεσκε
994 2139 1073 2198 ποτὶ
1106 2134 1212 2220 λόφον

229 2226 333 2307 (atque
358 2227 492 2290 adverso
516 2237 617 2290 monte
642 2227 709 2289 Itali
739 2227 968 2305 emendarunt),
997 2228 1211 2310 contempsisse

228 2319 318 2384 dolor
336 2341 427 2402 quem
446 2321 578 2386 numina
595 2320 842 2386 vincitacerbus.
877 2322 1046 2386 commode
1060 2323 1210 2386 Heinsius

229 2415 363 2478 coniecit
382 2415 484 2490 labor,
504 2417 560 2480 sed
580 2416 632 2479 ille
653 2416 743 2480 vertit
756 2417 928 2480 Homerica
947 2419 1002 2483 rol
1022 2417 1087 2503 μὴν
1109 2423 1208 2488 Σίσυ-

228 2533 295 2592 φον
320 2513 457 2578 εἰσεῖδον
478 2515 600 2598 κρατέρ’
624 2511 711 2592 ἄλγε’
730 2510 855 2594 ἔχοντα.
899 2511 996 2576 vincit
1012 2527 1097 2576 recte
1116 2513 1209 2576 inter·

226 2620 364 2684 pretatus
379 2623 424 2668 est
438 2606 668 2669 Taubmannus
689 2607 796 2687 ‘quem
813 2606 907 2670 dolor
921 2606 1209 2672 cruciamentorum

228 2699 386 2764 convincit
420 2701 525 2777 ipsum
560 2700 655 2763 fuisse
692 2702 789 2764 deum
820 2701 1092 2782 contemptorem'.
1149 2724 1208 2784 qua

227 2793 314 2854 verbi
349 2795 479 2857 notione
515 2811 545 2858 et
577 2810 732 2859 structura
762 2795 898 2860 aliorum
929 2795 1095 2858 audaciam
1126 2798 1207 2860 vicit.

227 2905 301 2948 nam
327 2887 491 2952 evincendi
520 2890 732 2972 significatum
760 2893 894 2954 verbum
923 2909 998 2951 cum
1027 2889 1209 2972 frequenter

226 2980 339 3046 habeat
363 2982 396 3045 in
421 2985 536 3048 talibus
560 2987 742 3048 enuntiatis:
767 3005 864 3066 neque
882 3004 953 3046 eum
963 2985 1063 3064 ferro
1075 3006 1132 3049 nec
1142 2987 1208 3066 fri·

219 3095 304 3157 gere
316 3076 440 3144 atrecere
448 3079 550 3158 pessis
562 3079 717 3143 interiisse
730 3095 760 3142 et
775 3079 978 3160 pervincendi
991 3080 1056 3142 sive
1072 3082 1208 3162 cogendi

225 3170 370 3250 subinde,
395 3189 429 3235 ut
454 3174 556 3238 Plauti
583 3174 647 3236 mil.
672 3175 727 3254 187'
749 3184 786 3238 ut
808 3195 879 3237 eum
902 3172 1008 3238 verbis
1036 3174 1146 3238 vincat
1172 3195 1208 3236 ne

224 3286 259 3330 se
281 3266 404 3342 viderit,
431 3269 543 3333 Horati
568 3270 661 3350 epod.
692 3289 734 3348 17,
761 3289 798 3350 27
823 3287 901 3349 erge
924 3277 1072 3350 aeganem
1097 3267 1208 3330 vincor

224 3369 262 3424 ut
278 3361 405 3425 credam
425 3365 532 3439 miser,
554 3363 762 3428 convincendi
776 3363 865 3426 notio
886 3378 932 3425 est
945 3362 1073 3425 vetustis
1088 3361 1207 3425 Latinis

226 3455 259 3516 in
285 3456 422 3519 formula
447 3456 522 3521 iuris
547 3467 601 3522 ast
620 3458 688 3521 ez'tes
710 3457 845 3522 vincuur
870 3475 900 3520 et
921 3459 1010 3520 Oscis
1035 3457 1069 3520 in
1094 3457 1206 3520 eadem

225 3550 258 3612 in
272 3550 364 3614 ee'zee'c
376 3551 502 3626 vincter,
517 3568 548 3616 et
558 3553 720 3635 Gortyniis
731 3553 806 3615 item
817 3554 850 3616 in
862 3553 972 3616 eadem
986 3556 1074 3617 αἴκα
1085 3558 1206 3640 νικαθῇ

225 3643 278 3720 (cf.
299 3646 511 3708 Buechelerus
537 3667 615 3709 mus.
642 3648 742 3709 Rhea.
762 3668 811 3728 40,
835 3653 916 3728 477).
957 3648 1012 3710 iste
1037 3667 1114 3710 veto
1141 3666 1206 3711 non
