2600 4242
505 351 549 396 ΑΙ)
566 349 591 396 V.
604 350 682 407 88-94
1045 351 1082 426 45

96 548 249 596 excutere
280 532 397 596 scimus
427 532 586 605 saltantes,
625 547 655 593 et
685 531 725 593 ad
754 529 844 591 tibias
876 530 1004 609 quidem
1035 530 1085 591 vel

97 628 240 690 fistulam
261 626 352 706 (Cop.
375 628 428 704 ιο),
459 641 494 688 ut
517 645 619 688 nanus
643 624 926 688 metamaucus
943 623 990 685 ad
1006 643 1085 686 caua

96 721 189 784 buxa
209 740 324 784 manus
346 721 494 800 (Propi,
513 721 541 796 8,
560 722 626 800 42);
656 721 708 782 ille
733 719 829 801 igitur
855 738 894 780 ne
921 722 1016 782 verba
1041 719 1084 781 sic

97 836 222 897 ponere
256 816 383 878 deberet
420 815 628 879 collocatione
661 816 850 878 abhorrente
884 816 922 875 ab
956 815 1084 877 illorum

98 911 273 973 hominum
293 930 387 972 sensu
407 910 546 990 poetico:
571 909 619 972 ad
639 908 778 973 calamos
797 929 912 972 raucas
929 909 1086 972 excutiens

96 1005 247 1078 cubitum,
267 1005 437 1086 postulavit
450 1026 469 1067 a
483 1005 653 1068 lectoribus
675 1022 718 1082 ut,
740 1025 814 1067 cum
835 1004 913 1065 illud
927 1004 1084 1082 scriberet,

98 1101 166 1164 hoc
191 1101 416 1181 intellegerent.
461 1115 555 1181 atque
580 1115 708 1182 apparet
735 1100 860 1162 nullum
885 1100 994 1162 durius
1019 1121 1084 1161 esse

99 1195 160 1256 illo
191 1215 306 1275 genere
337 1194 577 1276 compositionis
607 1210 736 1276 propter
769 1194 962 1275 procliticam
996 1215 1085 1275 prae-

97 1289 268 1369 positionis
290 1305 448 1367 naturam;
470 1291 558 1371 quod
577 1310 677 1371 genus
698 1291 839 1354 tractavit
857 1289 1000 1352 Boldtius
1021 1291 1040 1351 l.
1061 1312 1084 1350 s.

95 1403 141 1463 44
161 1404 221 1465 sq,
253 1385 291 1448 cf.
324 1385 415 1448 Lucr.
437 1386 469 1462 6,
491 1386 546 1448 863
578 1384 735 1466 multaque
770 1394 844 1448 sunt
876 1384 960 1465 egnes
985 1394 1086 1466 prope

96 1479 223 1542 semina
247 1491 359 1560 carpus
382 1481 494 1562 aquai,
520 1480 614 1561 Prop.
637 1482 663 1559 3,
682 1501 711 1559 4,
737 1482 770 1543 18
794 1490 826 1543 et
847 1478 953 1542 mbter
983 1488 1087 1560 captes

98 1594 199 1638 arma
218 1575 326 1636 sedere
346 1574 446 1648 duces,
467 1576 559 1638 Ovid.
575 1595 635 1637 am.
656 1597 678 1652 ι,
699 1577 727 1653 6,
747 1576 785 1637 68
806 1574 890 1637 dara
909 1584 1003 1655 super
1023 1585 1085 1638 tata

98 1668 215 1732 limina
244 1678 328 1732 necte
360 1671 440 1746 a'ace;
474 1671 664 1752 quibusdam
696 1671 876 1733 Philodemi
906 1684 935 1732 et
962 1673 1084 1750 Anytae

100 1762 245 1824 versibus
270 1762 371 1826 simile
399 1765 571 1827 artificium·
585 1765 822 1826 vindicaverunt
845 1763 1001 1825 Diltheius
1020 1764 1084 1826 ind.

97 1856 244 1937 Gotting.
270 1857 342 1934 1878
367 1878 396 1938 p.
416 1879 448 1920 12
474 1874 505 1922 et
529 1859 691 1922 Kaibelius
717 1859 782 1920 ind.
807 1857 986 1938 Gryphisw.
1012 1858 1083 1919 1885

99 1971 130 2032 p.
148 1952 194 2012 23.
234 1971 337 2031 neque
363 1969 469 2016 tamen
497 1954 685 2016 cultissimae
712 1953 814 2035 poesis
841 1953 933 2014 unice
959 1953 1085 2034 propria

98 2062 147 2108 est
168 2045 221 2107 illa
235 2047 440 2127 transgressio
461 2064 514 2111 aut
534 2048 691 2111 invenitur
705 2060 827 2110 tantum
842 2047 962 2109 artificii
977 2068 1084 2124 causa;

98 2155 131 2201 et
153 2139 266 2202 Cicero
292 2142 413 2223 scripsit
438 2143 478 2204 ad
501 2147 564 2206 Att.
585 2165 626 2217 ro,
648 2145 675 2221 8,
697 2145 715 2205 8
739 2163 816 2224 qaas
834 2151 943 2206 cantra
968 2164 1018 2206 me
1041 2164 1084 2206 se-

97 2243 203 2306 natus,
223 2255 261 2296 ne
273 2236 354 2316 quid
368 2257 422 2300 res
436 2237 562 2318 publiea
575 2237 754 2302 detrimenti
766 2238 925 2319 acceperet,
945 2240 1088 2302 armavit

99 2345 132 2391 et
148 2329 279 2392 Plautus
293 2330 392 2393 Stichi
407 2353 434 2392 v.
444 2335 502 2411 453
524 2333 565 2396 ite
583 2333 645 2396 leae
663 2333 831 2396 secundum
843 2353 899 2396 vos
917 2353 975 2412 me,
996 2334 1084 2414 quod

100 2440 227 2488 mutant
247 2426 393 2488 homines
415 2427 499 2491 docti
526 2429 598 2490 inde
620 2430 659 2489 ab
681 2427 772 2504 Italis,
798 2428 951 2508 aquibus
973 2447 1084 2489 caven-

98 2521 181 2582 dum
202 2535 246 2582 est
266 2541 305 2582 ne
327 2541 385 2584 nos
406 2521 508 2602 decipi
532 2521 696 2602 patiamur.
723 2542 796 2583 cum
821 2521 1004 2601 praesertim
1029 2521 1084 2582 ad-

99 2615 234 2676 missum
253 2615 333 2676 illud
356 2616 395 2678 sit
419 2617 451 2678 in
477 2617 709 2697 praepositione
738 2637 803 2679 non
828 2636 909 2679 vera.
938 2650 970 2659 -
998 2636 1026 2676 v.
1044 2635 1081 2694 92

98 2709 314 2772 Buechelerus
328 2731 357 2791 p.
374 2712 429 2789 327
450 2711 588 2792 requiem
610 2710 757 2789 defendit,
779 2730 844 2792 quo
858 2725 980 2773 servato
995 2730 1083 2774 com-

98 2805 265 2886 positionis
285 2806 415 2868 audacia
436 2806 597 2883 minuitur,
618 2822 790 2870 structurae
811 2822 951 2887 augetur.

179 2899 347 2962 Clauditur
367 2901 455 2962 locus
476 2901 685 2980 invocatione,
707 2922 789 2983 quae
806 2902 1018 2982 comparanda
1039 2914 1084 2962 est
1096 2914 1122 2957 ot

99 3014 176 3058 cum
196 3015 304 3074 georg.
320 3014 347 3072 2,
367 2995 426 3074 486
439 3015 499 3075 sq.;
520 3010 613 3075 atque
635 2998 723 3076 quod
739 2997 873 3078 fregida
893 3006 990 3076 tempe
1009 2995 1084 3074 legit

99 3089 220 3152 ibidem
234 3111 262 3151 v.
272 3091 341 3169 469,
354 3110 428 3152 sane
443 3091 486 3152 sic
498 3091 638 3151 monitus
646 3092 837 3170 gratissima
851 3101 947 3172 tempe
961 3089 1080 3151 adiecit.

99 3187 164 3250 iam
185 3187 275 3266 quasi
296 3201 419 3266 recepta
439 3184 533 3246 lectio
555 3201 600 3246 est
619 3206 656 3246 ex
672 3187 850 3248 coniectura
865 3185 986 3248 Heinsii
1001 3203 1081 3264 gra·

97 3280 222 3342 tissima
243 3289 339 3360 tempe
350 3277 484 3357 frendes
498 3279 774 3361 Hamadryadum,
798 3281 831 3341 in
852 3301 913 3360 qua
932 3279 1082 3341 audacius

100 3377 195 3438 etiam
216 3395 311 3455 quam
326 3375 514 3437 adiectivum
530 3394 602 3436 cum
619 3376 765 3455 genetivo
780 3376 982 3455 componitur
996 3375 1082 3436 frons

100 3470 215 3532 dicitur
235 3471 325 3551 quasi
344 3474 495 3533 arborum
516 3470 570 3531 sed
592 3471 769 3550 puellarum
784 3471 898 3550 agresti
915 3471 999 3532 victu
1019 3472 1083 3532 lae-

99 3566 249 3640 tantium3
271 3566 420 3628 audacius
440 3565 585 3628 videlicet
606 3585 701 3645 quam
726 3584 784 3644 pro
809 3565 870 3628 fide
886 3565 1081 3629 coniectoris.

99 3661 171 3723 libri
192 3675 299 3722 autem
326 3661 444 3722 liabent
458 3660 569 3739 fantes,
597 3661 684 3740 quod
709 3659 849 3722 defendit
869 3661 1082 3723 Buechelerus
