2600 4242
536 331 641 378 CVLEX

96 515 185 591 alter,
205 512 238 575 in
259 531 430 592 excessum,
451 513 588 576 referens
609 534 627 576 a
647 515 778 576 navibus
799 515 886 596 ignes

96 607 255 690 Argolicis
276 607 432 688 Phrygios
451 621 541 670 torva
561 607 680 670 feritate
702 611 852 690 repulsos.

97 724 118 766 0
140 703 210 784 quis
230 721 297 765 non
318 702 431 764 referat
449 703 519 764 talis
539 701 673 764 divortia
694 703 776 782 belli,

64 807 178 880 lquae
199 797 316 860 Troiae
336 797 442 859 videre
461 796 520 858 viri
543 795 713 878 videreque
734 798 819 870 Grai,

95 892 234 955 Teucria
254 911 328 954 cum
349 910 465 972 magno
485 905 627 953 manaret
646 893 799 972 sanguine
819 894 912 956 tellus

95 1003 128 1050 et
149 985 265 1049 Simois
283 985 465 1066 Xanthique
486 984 600 1066 liquor,
621 985 777 1068 Sigeaque
798 1003 920 1070 praeter

95 1083 189 1145 litora
209 1102 283 1144 cum
303 1082 405 1145 Troas
424 1079 509 1142 saevi
530 1080 618 1142 ducis
639 1082 785 1144 Hectoris
806 1083 851 1144 ira

94 1179 237 1240 truderet
256 1177 290 1239 in
310 1177 421 1238 classes
440 1174 568 1237 inimica
588 1191 693 1238 mente
715 1178 869 1258 Pelasgas,

94 1275 228 1335 vulnera
247 1273 309 1334 tela
328 1289 421 1332 neces
441 1269 529 1350 ignes
549 1269 665 1332 inferre
684 1287 817 1352 paratos.

94 1368 164 1450 ipsa
184 1367 269 1447 vagis
289 1385 427 1447 namque
449 1365 502 1426 lda
522 1379 641 1446 patens,
662 1366 791 1429 feritatis
813 1383 842 1429 et
863 1368 928 1449 ipsa

95 1463 152 1525 Ida
172 1462 255 1525 faces
275 1461 365 1525 altrix
386 1461 517 1541 cupidas
537 1462 706 1541 praebebat
727 1463 872 1540 alumnis,

94 1558 202 1620 omnis
222 1557 310 1619 utin
331 1557 450 1618 cineres
471 1553 607 1616 Rhoetei
627 1554 727 1618 litoris
748 1576 803 1619 ora

95 1653 247 1715 classibus
267 1650 419 1714 ambustis
439 1651 566 1712 flamma
586 1649 768 1714 lacrimante
790 1652 923 1714 daretur.

95 1748 172 1809 hinc
193 1762 258 1810 erat
278 1747 444 1829 oppositus
464 1759 573 1807 contra
593 1743 801 1807 Telamonius
822 1747 915 1809 heros

95 1843 289 1925 obiectoque
310 1842 404 1904 dabat
424 1839 527 1920 clipeo
547 1840 726 1916 certamina,
748 1854 778 1902 et
797 1840 883 1904 illinc

96 1938 220 2000 Hector
240 1952 314 2015 erat,
334 1935 451 1998 Troiae
471 1953 633 1995 summunt
655 1934 759 2010 decus,
780 1955 851 1997 acer
871 1951 1012 2018 uterque,

96 2031 285 2094 fluminibus
306 2031 403 2093 veluti
424 2030 530 2110 fragor
549 2027 679 2089 aedibus
700 2028 733 2091 in
752 2043 809 2095 set

96 2126 293 2208 tegminibus
314 2125 447 2206 telisque
466 2142 562 2203 super

95 2221 233 2302 eriperet
251 2220 383 2297 reditus;
403 2219 481 2280 alter
500 2217 654 2279 Vulcania
674 2217 758 2281 ferro

94 2318 229 2378 vulnera
247 2329 407 2397 protectus
428 2312 584 2393 depellere
605 2312 738 2374 navibus
758 2312 858 2376 instat.

95 2413 157 2474 hos
180 2426 244 2473 erat
264 2408 417 2472 Aeacides
437 2408 527 2470 vultu
548 2407 679 2469 laetatus
699 2408 847 2481 honores,

95 2506 338 2586 Dardaniaeque
358 2504 436 2566 alter
456 2502 527 2565 fuso
549 2502 637 2583 quod
657 2503 810 2582 sanguine
831 2505 950 2585 campis

95 2603 258 2665 Hectoreo
278 2600 379 2662 victor
398 2597 541 2662 lustravit
560 2615 693 2678 corpore
713 2596 859 2676 Troiam3

95 2717 205 2759 rursus
225 2698 337 2758 acerba
356 2694 502 2770 fremunt,
524 2691 611 2754 Paris
625 2692 710 2753 hunc
724 2693 811 2772 quod
826 2695 899 2756 letat
914 2711 944 2757 et
958 2695 1051 2757 huius
1078 2711 1118 2758 000

95 2792 188 2853 firma
209 2790 289 2852 dolis
311 2788 407 2851 Ithaci
427 2788 524 2849 virtus
544 2786 633 2867 quod
653 2787 790 2849 concidit
810 2787 879 2850 icta.

94 2887 173 2947 huic
192 2885 272 2966 gerit
292 2903 417 2946 aversos
438 2881 542 2964 proles
562 2880 685 2943 Laertia
705 2881 819 2957 vultus,

94 2996 127 3042 et
148 2980 211 3041 iam
232 2977 406 3060 Strymonii
428 2976 525 3038 Rhesi
545 2974 709 3057 victorque
730 2976 875 3057 Dolonis,

95 3074 224 3136 Pallade
245 3074 308 3135 iam
329 3074 461 3135 laetatur
481 3090 588 3148 ovans,
609 3089 780 3152 rursusque
799 3075 970 3136 tremescit:

94 3171 159 3232 iam
174 3169 311 3231 Ciconas
329 3168 457 3248 iamque
471 3167 578 3228 horret
596 3181 685 3228 atrox
700 3167 929 3250 Laestrygonas
951 3167 1051 3249 [ipse];
1078 3188 1117 3232 sao

95 3265 187 3327 illurn
209 3264 314 3346 Scylla
334 3281 438 3343 rapax,
460 3262 589 3324 canibus
610 3261 767 3324 succincta
788 3263 944 3341 Molossis,

146 3475 186 3520 302
207 3461 325 3508 excissum
387 3471 426 3518 303
447 3460 514 3504 turba
579 3472 618 3518 304
640 3461 678 3506 tali
693 3459 798 3506 devonia
811 3460 877 3506 bellis
929 3462 968 3520 308
990 3462 1051 3507 duos

93 3545 133 3593 309
147 3531 195 3576 vidi
209 3531 233 3576 in
265 3543 307 3589 310
321 3531 366 3576 tela
380 3537 433 3575 nete
447 3529 524 3586 signas
558 3541 597 3587 3ιο
611 3528 686 3587 daque
700 3530 763 3575 faces
803 3529 903 3588 cupidus
943 3531 1051 3577 alumnus

93 3599 133 3658 318
141 3600 233 3645 velutB
272 3611 312 3657 319
325 3599 615 3658 supersigeaquepraetcr
653 3610 693 3656 300
705 3599 752 3644 hoc
792 3611 831 3657 3²⁴
840 3600 939 3646 hectora
948 3601 1052 3646 lustravit

93 3668 171 3712 victor
179 3668 209 3712 de
218 3679 320 3724 corpore
330 3669 415 3713 troiam
443 3669 482 3726 326
491 3682 555 3713 arma
581 3681 620 3727 327
629 3681 724 3714 eversos
758 3669 852 3714 lacertia
877 3670 1051 3727 33olestrigone
