2578 4242
216 325 253 387 7²
574 302 834 350 COMMENTARIVS

217 485 393 549 dormiente
418 488 600 567 sepulcrum
625 485 787 566 flagitaret,
812 485 865 547 ille
890 483 1043 566 imperata
1068 483 1204 559 faceret;

215 601 293 662 ergo
313 581 480 644 verisimile
495 598 549 659 est,
570 599 685 661 poema
698 599 858 660 graecum,
878 581 919 642 ad
933 579 1023 644 cuius
1036 580 1205 659 exemplar

216 675 361 738 Culicem
383 676 595 758 compositum
623 695 689 740 esse
717 674 919 750 coniecimus‚
945 675 1123 738 inferorum
1145 674 1204 738 de-

216 770 384 852 scriptione
411 771 545 834 caruisse
571 785 601 832 et
627 785 754 850 poetam
778 771 963 834 Romanum
983 771 1069 834 hunc
1088 770 1202 832 locum

217 881 403 946 argumento
447 863 626 940 inseruisse,
665 864 764 928 multa
804 865 965 929 doctrinae
1004 864 1202 946 supellectile

216 959 357 1041 undique
377 976 535 1041 congesta.
560 979 625 1041 quo
639 959 748 1022 labore
762 961 895 1022 obrutus
909 979 978 1028 rent
992 958 1201 1040 principalem

216 1055 338 1117 adferre
359 1057 475 1118 oblitus
496 1068 550 1115 est.

294 1151 396 1213 Culex
421 1168 548 1212 amnem
572 1163 765 1211 transvectus
790 1146 830 1210 ad
855 1147 979 1219 Tartari
1004 1148 1102 1215 limen
1127 1167 1202 1230 per-

138 1245 311 1310 attenvenit.
351 1260 444 1325 atque
460 1243 527 1306 Itali
548 1243 749 1306 restituerunt
764 1265 792 1304 v.
808 1241 865 1304 216
884 1241 954 1306 vidi
970 1243 1202 1324 utflograntio

216 1337 316 1402 laedis
335 1338 447 1402 limina
466 1337 615 1401 collucent
631 1337 839 1403 sollemnibus
860 1336 1018 1400 scribendi
1039 1339 1201 1400 erroribus

217 1434 377 1510 correctis3
407 1433 462 1496 sed
488 1433 660 1514 necessaria
685 1433 780 1496 etiam
805 1448 851 1498 est
875 1433 988 1497 Bembi
1018 1433 1201 1496 emendatio

216 1527 308 1591 velen
327 1539 369 1602 ut,
390 1548 464 1590 nam
482 1549 538 1609 per
551 1543 650 1591 totam
664 1528 876 1592 narrationem
891 1549 930 1594 eo
944 1527 1077 1591 artificio
1091 1529 1201 1604 utitur,

217 1639 253 1685 ut
273 1644 358 1687 nunc
377 1624 515 1688 maxime
534 1625 625 1706 quasi
645 1623 719 1686 duci
738 1639 768 1689 et
781 1623 849 1704 rapi
861 1644 894 1689 se
908 1643 964 1705 per
977 1623 1086 1686 omnia
1101 1623 1201 1705 fingat

218 1719 268 1797 (cf.
289 1720 447 1802 Hauptius
470 1741 578 1802 opusc.
601 1721 627 1796 3,
648 1721 706 1798 70).
747 1717 861 1783 deinde
882 1739 940 1800 pro
961 1718 1089 1798 cofisus,
1111 1719 1202 1800 quod

217 1814 387 1895 quaesitius
417 1832 463 1879 est
493 1836 551 1879 nec
581 1830 687 1876 tamen
716 1813 817 1894 poetis
843 1830 897 1877 aut
921 1814 1127 1896 scriptoribus
1153 1814 1201 1876 in-

217 1910 367 1972 usitatum
394 1910 576 1992 (enfistoque
600 1919 689 1972 terra
712 1907 862 1982 colubris,
891 1917 927 1971 ut
953 1908 1057 1972 minus
1085 1909 1201 1989 infesto

217 2004 333 2066 e'acc'ctm
357 2005 485 2086 regione
505 2005 617 2068 labora
641 2018 672 2065 et
698 2002 758 2066 alia
778 2018 853 2066 nota
874 2004 1001 2083 omnia),
1026 2023 1200 2067 commune

218 2113 253 2160 ut
282 2099 318 2160 lit
348 2117 377 2161 et
407 2100 489 2162 iners
518 2099 712 2162 vocabulum
741 2115 916 2178 posuerunt
946 2115 977 2162 et
1005 2118 1063 2181 per
1088 2118 1201 2160 omnes

218 2193 372 2258 editiones
393 2192 626 2258 circumferunt.
667 2193 704 2255 cf.
726 2193 801 2258 Stat.
822 2193 888 2256 silv.
912 2195 938 2272 3,
959 2213 986 2272 2,
1012 2193 1201 2258 molimina

217 2288 306 2354 usta.
347 2289 403 2351 sed
424 2288 538 2352 eodem
561 2307 654 2349 versu
674 2288 780 2350 omnen
805 2289 926 2350 nullam
949 2286 1085 2351 admittit
1105 2289 1201 2350 inter-

203 2382 443 2464 pretationem:
463 2383 527 2446 sive
548 2383 654 2446 omnt'ee
674 2382 785 2446 lencona
805 2383 972 2464 coniungis
992 2397 1027 2446 ut
1047 2383 1199 2464 plerique,

219 2499 320 2541 unum
340 2495 463 2542 tantum
483 2478 582 2541 limen
601 2479 722 2542 advena
746 2479 852 2542 videre
878 2494 994 2560 potest;
1024 2478 1089 2542 sive
1109 2478 1200 2541 intel-

218 2577 295 2657 legis
320 2575 411 2638 ve'den
437 2581 473 2636 nt
490 2571 675 2655 flagrantia
703 2573 803 2640 taedis
830 2572 950 2646 leuuca,
981 2572 1131 2636 collucent
1158 2573 1199 2636 in·

209 2671 305 2752 sestis
323 2669 430 2732 omnio
455 2668 583 2748 locuples,
609 2683 644 2731 ut
668 2667 817 2733 collucent
837 2669 905 2734 ἀπὸ
922 2675 1035 2734 κοινοῦ
1059 2669 1198 2749 positum

142 2812 144 2816 -
217 2767 266 2843 sit,
291 2765 366 2826 huic
391 2784 520 2845 quoque
545 2780 657 2845 poetae
678 2761 759 2826 Ditis
782 2783 879 2844 regna
898 2764 969 2826 luce
995 2778 1103 2827 carent
1122 2765 1198 2842 (273.

220 2862 301 2938 372);
321 2859 386 2924 sive
400 2860 441 2921 ita
455 2859 614 2921 distribuis
629 2858 704 2933 vc'cli,
724 2867 760 2922 ul
768 2857 953 2940 flagrantia
972 2857 1071 2920 taedis
1089 2857 1201 2921 limina

220 2955 373 3028 collucent,
403 2953 524 3034 infletis
552 2953 658 3017 oncne'o
687 2952 820 3034 templu,
856 2968 890 3015 ut
923 2952 1040 3015 scilicet
1073 2973 1199 3016 accessu

219 3051 398 3136 prohibitus
417 3049 523 3113 videre
544 3065 649 3112 tamen
670 3049 777 3112 omnia
796 3048 934 3129 potuerit
955 3048 1045 3110 culex
1070 3047 1146 3125 (fere
1167 3062 1200 3109 ut

219 3146 369 3209 Aeneidis
394 3145 535 3208 secundo
557 3147 615 3225 483
646 3153 780 3226 apparet
805 3142 916 3206 domm
943 3142 1027 3206 intm
1056 3150 1087 3204 et
1114 3141 1200 3204 olrice

220 3242 316 3324 longo
330 3250 499 3323 patescunt,
524 3248 657 3321 apparel
674 3237 806 3302 Priami
821 3246 854 3301 et
868 3245 1008 3300 veneunt
1021 3235 1201 3318 penetralia

220 3357 333 3419 reguen
352 3344 553 3416 armatosque
571 3334 678 3398 vident
693 3343 808 3398 sunus
827 3333 860 3396 t'u
879 3330 987 3396 limene
997 3329 1128 3412 prinu),
1154 3331 1201 3392 in-

221 3432 295 3494 cidit
316 3432 373 3493 ista
393 3430 570 3494 distributio
592 3449 687 3492 omne
705 3429 794 3511 quod
814 3427 962 3509 deinceps
983 3426 1109 3488 ducitur
1130 3445 1200 3488 nar-

221 3527 349 3588 rationis
362 3527 462 3589 filum.
493 3545 569 3606 ergo
584 3525 692 3588 omnia
706 3540 740 3587 ut
753 3523 864 3586 videor
877 3536 1022 3602 expertus
1034 3519 1199 3583 emendavi

221 3641 287 3682 non
309 3636 343 3683 ut
363 3641 446 3684 nova
467 3641 515 3684 res
536 3620 697 3685 accederet
716 3619 771 3684 sed
785 3619 876 3698 vigor
894 3615 1033 3681 sermoni
1053 3630 1084 3677 et
1104 3635 1200 3696 quarn
