2578 4242
227 364 266 426 74
583 338 842 387 COMMENTARIVS

225 527 312 590 tione
332 544 450 607 ponere
471 523 588 584 debuit.
628 541 742 603 parum
762 522 920 602 eleganter
936 530 1016 601 porte
1035 527 1084 581 est
1100 519 1211 582 Peerl-

226 621 379 702 kampius,
405 618 607 702 praetulerim
632 616 658 678 si
682 616 752 698 quis
778 615 931 678 invenerit
958 616 1092 676 verbum
1112 615 1210 695 quale

221 717 340 798 prodit,
365 730 400 778 ut
425 713 580 777 sermonis
604 711 722 793 species
748 710 871 773 eveniat
896 710 997 790 qualis
1024 729 1051 770 e.
1077 729 1108 790 g.
1129 709 1208 771 Stat.

224 813 327 874 Theb.
348 831 376 885 2,
401 829 455 888 ¹¹4
479 807 551 870 lzzirc
574 816 686 880 tumor,
711 815 743 868 rt
759 805 871 886 hugus
883 805 997 884 fratri
1005 803 1209 885 promittent

223 906 307 969 exul.
347 904 402 968 sed
426 903 557 966 omnino
582 901 694 963 dubito
718 921 759 963 an
779 915 861 962 recte
881 899 1031 963 traditum
1052 899 1091 960 sit
1110 918 1209 961 saevo

223 1000 324 1082 quatit
340 999 422 1062 milri
437 997 573 1060 verbera
588 1006 705 1077 poenae
725 1010 756 1057 et
775 995 890 1056 deinde
912 994 1084 1056 versiculus
1110 993 1208 1056 inter-

224 1095 334 1157 ciderit
356 1095 567 1175 prodeuntem
593 1113 610 1154 e
635 1110 732 1172 specu
757 1110 867 1152 canem
890 1089 1074 1170 depingens,
1105 1088 1144 1150 cf.
1168 1087 1206 1149 ad

171 1202 211 1247 221
224 1213 252 1251 v.
274 1191 339 1270 248.
379 1210 408 1252 v.
430 1208 482 1251 221
506 1188 639 1250 horrent
657 1186 724 1248 Itali
738 1184 986 1247 emendaverunt
1000 1184 1089 1262 (Aen.
1104 1185 1133 1260 6,
1146 1203 1205 1262 419

171 1298 211 1343 222
225 1287 296 1349 Sen.
318 1285 411 1346 Herc.
433 1283 452 1345 f.
474 1282 552 1361 786),
569 1279 794 1361 sanguineque
813 1280 876 1341 iam
896 1279 929 1341 in
951 1278 1205 1359 Cantabrigiensi

222 1379 346 1460 legitur,
371 1393 400 1440 et
424 1376 592 1458 sanguinei
613 1373 740 1437 lambris
759 1374 909 1438 ardorem
928 1395 1004 1436 sane
1025 1374 1137 1436 fortius
1159 1376 1205 1436 di-

224 1490 338 1538 cuntur
351 1492 448 1555 quam
461 1471 668 1553 sanguineum
681 1467 832 1532 ardorem
845 1467 972 1531 lammis
980 1470 1098 1532 micare
1110 1469 1203 1531 oculi.

301 1567 362 1631 Hic
382 1567 557 1648 digreditur
577 1568 616 1628 ab
637 1579 825 1644 argumento
846 1565 947 1643 culex,
970 1579 1006 1626 ut
1025 1565 1126 1627 limen
1145 1565 1204 1627 sci-

170 1663 294 1726 224licet
319 1663 492 1727 inferorum
522 1677 730 1741 transgressus
759 1675 917 1740 pastorem
946 1659 1050 1721 verbis
1077 1659 1202 1722 Lucreti

224 1761 262 1837 (2,
282 1761 356 1840 9603
386 1759 414 1838 6,
440 1761 526 1836 1157;
557 1756 594 1819 cf.
620 1776 643 1830 1,
664 1756 735 1833 852;
765 1755 793 1834 6,
819 1755 901 1832 1208)
931 1769 1058 1816 moneat
1088 1775 1122 1817 se
1153 1754 1204 1816 leti

144 1853 330 1918 taso-limme
353 1852 395 1915 ab
413 1853 478 1935 ipso
503 1872 577 1915 eum
598 1870 768 1913 revocasse.
815 1868 890 1910 cum
914 1849 976 1911 hoc
1001 1848 1071 1928 feci,
1101 1849 1200 1930 inquit

222 1968 250 2010 v.
265 1950 332 2026 223,
362 1946 442 2028 quid
462 1947 504 2010 ab
534 1945 637 2028 officio
662 1945 838 2026 digressast
857 1945 994 2025 gracco?
1023 1943 1056 2005 in
1086 1943 1199 2026 quibus

221 2042 324 2102 verbis
345 2040 536 2122 explicandis
550 2040 702 2122 quoniam
716 2054 901 2120 argutantur
914 2055 945 2102 et
957 2039 1094 2101 titubant
1107 2040 1199 2101 inter·

222 2150 333 2215 prcus,
354 2135 525 2197 dicendum
545 2151 590 2198 est
611 2137 672 2198 hoc
693 2156 729 2198 ea
752 2133 940 2216 significare:
971 2134 1049 2215 quid
1070 2149 1117 2197 est
1138 2154 1198 2216 quo

221 2228 328 2310 gratia,
358 2229 376 2290 i.
402 2250 427 2291 e.
459 2231 649 2293 beneficium
684 2250 802 2308 meum,
834 2229 852 2316 ἡ
874 2231 975 2317 χάρις,
1006 2232 1046 2292 ab
1084 2230 1198 2305 officio

222 2324 445 2388 beneficentiae
459 2325 575 2388 scilicet
588 2325 653 2387 sive
667 2324 799 2407 pietatis,
813 2323 990 2386 deflexerit?
1012 2325 1128 2406 pergit:
1147 2325 1199 2387 ubi

221 2419 360 2500 praemia
386 2419 526 2500 pietatis?
558 2420 644 2481 nulla
669 2435 754 2482 sunt:
782 2436 918 2482 mortem
943 2420 1001 2481 tuli
1024 2440 1084 2501 pro
1106 2423 1198 2483 bene-

222 2515 304 2594 ficio,
326 2515 344 2577 i.
368 2535 393 2577 e.
415 2535 564 2596 poenam3
593 2535 658 2577 non
679 2517 840 2595 deprecor,
868 2515 967 2577 modo
987 2529 1115 2595 gratum
1136 2515 1199 2577 ani-

169 2622 208 2667 231
223 2628 312 2670 mum
326 2612 484 2690 praebeas,
505 2610 696 2672 beneficium
709 2610 829 2672 reddas.
874 2609 1006 2670 minime
1025 2609 1122 2690 igitur
1135 2612 1199 2688 ista,

221 2704 337 2766 existat
359 2715 424 2784 par
453 2703 605 2786 officium,
636 2704 676 2765 ad
706 2704 801 2767 funus
831 2705 1007 2767 necessario
1037 2706 1199 2770 referenda

221 2812 308 2876 sunt,
338 2798 393 2860 sed
424 2819 462 2859 ex
492 2798 673 2860 Stoicorum
702 2800 870 2878 sententia,
901 2800 940 2861 de
971 2820 1034 2880 qua
1064 2802 1199 2882 plurima

221 2893 355 2971 Seneca,
390 2892 430 2954 ad
460 2892 603 2955 officium
634 2894 721 2975 quod
754 2895 946 2976 promerenti
980 2910 1116 2976 praestat
1147 2897 1199 2978 qui

168 3002 207 3047 226
220 3001 310 3066 grato
340 2985 447 3049 animo
479 2988 669 3050 beneficium
699 2990 850 3070 agnoscit.
899 3012 927 3052 v.
949 2991 1006 3051 226
1036 2991 1070 3053 in
1099 3012 1199 3054 vanas

220 3080 327 3144 abolere
346 3080 428 3144 vices
446 3098 481 3145 ut
494 3105 522 3144 v.
540 3102 597 3146 210
616 3082 750 3146 acerbas
768 3103 864 3164 cogor
883 3085 974 3148 adire
986 3084 1068 3148 vices
1080 3107 1198 3150 nomen

220 3177 325 3257 posuit
339 3193 542 3241 evanescente
555 3178 741 3260 significatu,
760 3179 815 3241 sed
828 3179 998 3260 utrubique
1012 3200 1087 3242 cum
1101 3184 1198 3244 verbo

220 3273 324 3335 eundi.
365 3273 484 3337 ibidem
505 3289 539 3335 ut
558 3274 670 3336 Bembi
692 3289 722 3337 et
742 3273 877 3336 aliorum
900 3274 1070 3337 certissima
1091 3297 1199 3339 emen-

220 3368 304 3430 datio
330 3383 375 3432 est
399 3377 431 3432 et
451 3390 538 3443 rure,
569 3369 717 3450 copulare
742 3384 847 3431 tamen
871 3370 1038 3432 sententias
1057 3370 1084 3431 si
1104 3372 1199 3452 parti-

220 3462 323 3523 culam
344 3465 462 3544 iubeas,
487 3483 554 3526 non
574 3483 693 3526 nomen
713 3464 832 3544 efferre,
857 3463 1026 3526 sententiae
1051 3465 1118 3527 vim
1146 3467 1198 3529 de·

220 3555 396 3620 bilitaveris.
437 3559 517 3622 ruris
542 3558 668 3639 propria
688 3560 834 3621 solebant
853 3579 918 3622 esse
938 3559 1053 3622 iustitia
1066 3575 1098 3622 et
1111 3561 1197 3625 fides.

220 3669 298 3729 quas
323 3667 439 3714 terram
464 3654 541 3714 olim
569 3653 730 3732 reliquisse
756 3673 828 3714 cum
860 3669 954 3716 notus
983 3674 1088 3718 sermo
1120 3674 1199 3719 esset
