2600 4242
202 335 240 378 20
572 315 802 361 COMMENTARII

200 516 273 559 cum
296 496 444 558 Bembini
472 497 657 560 collectione
684 495 886 559 stabulensis.
943 512 1037 577 atque
1067 516 1182 558 verum

199 607 245 654 est
272 591 305 653 in
331 591 528 653 Bruxellensi
558 607 662 654 extare
693 611 728 652 ea
759 592 822 654 fere
853 592 1006 673 opuscula
1036 611 1117 672 quae
1147 591 1182 653 in

199 686 359 748 ‘iuvenalis
379 686 447 748 ludi
467 687 583 748 libello'
605 687 718 748 desunt
738 701 769 748 et
790 687 875 748 credi
889 706 991 767 posse,
1012 701 1181 767 utramque

198 781 420 844 collectionem
449 801 515 844 uno
546 801 678 862 corpore
709 782 911 845 coniunctam
940 781 1035 842 fuisse
1060 781 1183 843 ultimis

197 877 388 958 antiquitatis
408 876 613 958 temporibus,
635 877 724 938 cuius
738 876 878 957 corporis
891 876 1060 957 vestigium
1074 891 1182 938 osten-

197 973 272 1035 dant
292 973 325 1033 in
338 971 490 1051 excerptis
504 971 651 1034 Parisinis
671 991 738 1033 sese
759 971 948 1052 excipientes
962 971 1063 1033 Culex
1077 975 1183 1033 Aetna

198 1066 287 1132 Ciris.
332 1066 387 1128 sed
408 1086 473 1128 non
495 1067 599 1128 minus
613 1066 777 1146 probabile
798 1081 852 1146 est,
872 1066 1016 1148 vagantia
1034 1082 1181 1148 poemata

198 1175 227 1222 et
253 1160 487 1241 poematiorum
511 1161 647 1242 syllogas
673 1163 712 1223 ab
738 1162 804 1223 aliis
827 1162 888 1225 alia
908 1163 1070 1225 codicibus
1092 1181 1181 1225 com—

197 1255 352 1334 prehensa
378 1275 443 1318 esse
470 1271 500 1318 et
524 1256 567 1318 sic
593 1270 725 1335 servata;
756 1274 838 1320 certe
869 1278 949 1339 quae
971 1257 1181 1320 demonstrari

196 1363 299 1429 potest
313 1348 489 1412 carminum
502 1350 759 1431 Vergilianorum
773 1354 894 1435 sylloga
912 1373 976 1415 una
990 1369 1035 1416 est
1049 1357 1179 1434 ‘septem

196 1443 360 1506 iocorum'.

273 1537 361 1600 Haec
385 1539 481 1620 igitur
504 1539 626 1621 sylloga
647 1541 792 1603 Culicem
824 1542 916 1605 nobis
946 1542 1081 1620 tradidit,
1113 1543 1132 1604 i.
1155 1563 1180 1605 e.

196 1633 295 1696 codex
309 1633 393 1696 Petri
407 1632 520 1695 Bembi
540 1652 624 1696 nunc
638 1635 816 1714 Vaticanus,
837 1637 954 1698 saeculi
975 1638 1037 1717 IX,
1060 1638 1099 1700 de
1114 1658 1182 1719 quo

195 1729 261 1812 ipse
281 1728 400 1792 rettulit
419 1728 453 1790 in
473 1728 601 1810 dialogo
625 1731 674 1792 ‘de
695 1730 805 1792 Culice
826 1730 957 1812 Vergilii
985 1746 1015 1793 et
1039 1733 1182 1795 Terentii

195 1825 317 1889 fabulis'
339 1824 491 1905 cuiusque
510 1823 679 1886 lectionem
696 1845 734 1886 ex
747 1826 992 1907 Zangemeisteri
1006 1826 1176 1889 collatione

195 1919 386 1982 Ribbeckius
407 1919 512 1997 edidit,
534 1935 563 1982 et
583 1919 709 1982 saeculo
728 1939 793 1982 uno
808 1922 973 1983 duobusve
987 1921 1179 1984 recentiores

196 2013 261 2075 eius
286 2014 420 2094 cognati,
447 2015 502 2096 qui
526 2015 597 2077 libri
618 2035 729 2076 omnes
749 2034 849 2077 unum
874 2015 1019 2078 codicem
1038 2016 1178 2078 reddunt

196 2107 283 2170 cuius
297 2107 470 2170 Bembinus
484 2110 690 2189 apographon
705 2125 758 2171 est.
790 2110 978 2191 archetypus
992 2131 1058 2173 non
1072 2112 1177 2173 multo

193 2201 346 2264 vetustior
371 2201 429 2264 fuit
454 2202 618 2282 Bembin0‚
644 2220 678 2266 ut
704 2205 818 2269 docere
843 2220 947 2285 potest
971 2227 999 2268 v.
1023 2207 1088 2285 334,
1118 2207 1178 2268 ubi

189 2316 383 2380 generamen
395 2296 500 2377 prolis
520 2297 644 2380 egregie
664 2299 797 2361 restituit
817 2298 1018 2379 Ribbeckius,
1050 2300 1177 2363 codices

194 2395 344 2474 praebent
357 2411 459 2473 gener
472 2392 586 2473 amplis
605 2394 790 2475 scripturam
812 2395 1002 2476 compendio
1023 2395 1095 2456 satis
1116 2414 1176 2456 no-

194 2489 276 2551 vicio
297 2504 409 2550 ortam.
450 2487 544 2550 huius
565 2489 681 2551 codicis
701 2491 820 2553 variam
840 2489 1009 2553 lectionem
1029 2489 1088 2570 ipsi
1108 2509 1176 2551 car-

194 2584 272 2645 mini
282 2582 439 2661 adnotavi,
451 2602 526 2644 usus
538 2584 703 2648 Ribbeckii
714 2585 812 2666 copiis
823 2600 857 2648 ut
868 2585 940 2648 fecit
950 2583 1176 2660 Baehrensius;

195 2679 404 2758 discrepantes
418 2697 436 2738 a
450 2678 578 2759 reliquis
594 2680 741 2741 Bembini
761 2680 928 2760 scripturas
941 2679 997 2742 ubi
1010 2680 1176 2742 videbatur

193 2772 375 2854 significavi,
400 2772 559 2834 interdum
582 2774 729 2836 Bembini
753 2795 826 2837 cum
850 2794 915 2836 uno
939 2775 1077 2836 alterove
1099 2793 1175 2835 con-

194 2885 322 2928 sensum
350 2865 501 2929 indicasse
532 2869 603 2930 satis
634 2869 744 2948 habui;
778 2869 910 2931 omnino
941 2869 994 2930 de'
1014 2867 1175 2949 archetypi

194 2960 329 3024 lectione
355 2981 421 3023 non
447 2981 538 3043 saepe
565 2963 700 3026 dubitari
724 2979 857 3045 potest..
886 2964 1039 3025 accedunt
1069 2982 1174 3026 excer-

194 3072 323 3136 ptorum
363 3054 578 3119 Parisinorum
623 3057 792 3139 scripturae
836 3060 1007 3122 nonnullae
1047 3059 1175 3137 (habent

195 3173 222 3214 v.
239 3151 362 3230 58—85,
383 3151 526 3230 89-100,
551 3153 710 3233 146—159,
732 3157 797 3233 225,
819 3173 885 3234 294,
899 3155 1073 3235 340-342),
1094 3172 1174 3234 quae

195 3247 364 3309 ostendunt
385 3266 422 3308 ex
443 3245 505 3307 alio
525 3247 581 3308 sed
602 3265 734 3328 cognato
755 3249 863 3310 codice
881 3248 952 3310 istas
973 3249 1097 3330 eclogas
1115 3246 1167 3308 flu·

194 3341 283 3402 xisse.
330 3341 369 3401 ad
393 3342 599 3424 archetypum
623 3357 729 3405 autem
749 3343 941 3424 reliquorum
971 3363 1028 3424 per
1058 3343 1174 3404 multos

196 3435 405 3516 corruptionis
429 3437 545 3517 gradus
566 3436 645 3497 redit
666 3437 765 3498 codex
786 3458 808 3498 s.
829 3438 897 3501 XV.
919 3438 1100 3515 Vossianus,
1124 3436 1175 3498 cui

194 3529 331 3591 multum
359 3531 494 3594 editores
519 3530 707 3593 recentiores
733 3551 844 3593 omnes
864 3533 1051 3608 tribuerunt,
1076 3531 1173 3613 pluri-

193 3643 284 3686 mum
305 3624 522 3687 Baehrensius.
562 3625 731 3688 lectionem
751 3626 845 3689 habet
865 3631 904 3689 ab
921 3627 1051 3690 homine
1079 3627 1173 3689 docto
