2578 4242
431 411 433 414 ¹
456 339 501 384 AD
516 339 543 384 V·
556 339 661 400 ³80-403
995 363 1048 424 ¹07

64 537 138 583 tum
162 519 292 601 perlicit.
333 520 447 583 deinde
473 522 634 583 tumulum
662 521 812 585 consertis
833 522 990 606 lapidibus
1010 544 1049 586 ex

64 633 227 676 marmore
253 614 406 678 dedolatis
431 615 536 696 cingit.
586 616 864 698 deniqueflorum
888 619 1048 681 variorum

65 709 195 790 copiam
221 709 250 770 ei
274 707 381 771 inserit
405 724 436 772 et
460 709 493 772 in
523 712 626 776 fronte
656 712 784 774 titulum
814 712 956 775 collocat.
1000 714 1049 775 in·

64 819 197 885 ceptum
217 804 358 866 laborem
377 805 514 870 memori
533 825 612 868 cura
632 805 753 887 peragit
766 807 844 887 (394)
865 807 1049 889 quominus

65 898 177 961 culicis
202 898 347 962 convicio
372 901 440 979 (379
459 898 537 962 haec
554 899 719 963 thammor
742 899 844 977 audis)
870 901 984 982 dignus
1004 903 1050 963 vi-

65 993 189 1072 deatur,
209 993 327 1074 lapides
348 993 449 1056 caedit
465 991 613 1058 assiduae
624 1014 721 1058 curae
733 1015 855 1058 mmor
868 996 955 1075 (398),
975 1015 1050 1060 nam

64 1090 147 1151 haec
167 1089 304 1151 maxime
324 1087 481 1151 laboriosa
501 1108 572 1170 pars
593 1089 696 1170 operis
713 1105 743 1153 et
758 1091 956 1171 longiusculo
971 1107 1050 1154 tem-

64 1182 155 1264 poris
179 1183 280 1264 spatio
300 1184 487 1265 peragenda
530 1185 647 1247 florum
668 1186 828 1267 catalogus
848 1206 877 1247 v.
894 1186 1128 1268 398-409398sq.

65 1281 164 1342 habet
190 1277 320 1340 nomina
345 1279 500 1342 curiosius
527 1279 634 1342 electa.
684 1280 743 1342 fert
773 1281 861 1362 regio
891 1282 1049 1344 acanthon

65 1389 99 1437 et
132 1393 219 1436 rosas
249 1373 349 1451 (cuius
382 1373 539 1436 societatis
569 1374 815 1456 pulcritudinem
847 1392 965 1439 norunt
995 1377 1050 1458 qui

64 1484 183 1531 terram
199 1468 383 1531 Paestanam
403 1469 626 1545 visitaverunt),
646 1469 801 1534 violarum
823 1491 918 1536 omne
938 1491 1048 1551 genus,

65 1564 85 1626 i.
102 1584 128 1626 e.
151 1582 325 1644 purpureas
345 1564 444 1626 luteas
464 1563 560 1640 albas,
584 1580 723 1645 myrtum
745 1586 841 1646 quam
862 1566 975 1648 integri
996 1586 1050 1628 co·
1062 1584 1102 1628 too

65 1659 154 1720 dices
164 1657 346 1739 Spartt'cam
366 1657 532 1739 appellant,
546 1657 719 1721 Vossianus
734 1658 934 1737 Parthicam
954 1677 1049 1742 atque

68 1752 249 1816 Parthicam
282 1753 421 1834 Scaliger
457 1772 495 1816 ex
528 1753 719 1835 Apollodori
758 1754 910 1817 Parthicis
949 1755 1052 1816 attulit

65 1847 193 1925 (Athen.
219 1849 265 1925 15,
286 1848 367 1911 682c
387 1852 541 1933 μυρσίνης
573 1852 648 1934 γένη
682 1849 838 1927 ποικίλα),
865 1850 1049 1930 Spartanam

64 1944 181 2004 velex
207 1942 333 2005 Catullo
359 1942 508 2004 novimus
533 1942 591 2022 (64,
612 1943 650 2022 89
679 1942 788 2026 quaks
812 1943 951 2008 Eurotae
974 1954 1049 2026 pro·

59 2037 204 2118 gignunt
224 2035 365 2118 flumina
395 2045 524 2118 myrtus.
555 2037 611 2098 ubi
636 2053 900 2102 commentatores
922 2039 982 2102 alia
1003 2040 1049 2102 af-

66 2133 199 2210 ferunt),
233 2150 329 2211 quam
363 2131 451 2212 quod
484 2131 666 2212 Spartr'cam
696 2132 774 2196 dixit
806 2152 864 2214 pro
898 2134 1050 2215 Spartana

64 2226 250 2308 Spartiatica
280 2226 452 2307 Spartiaca,
486 2226 559 2289 fecit
589 2227 735 2291 audacter
766 2229 896 2311 quidem
925 2230 980 2292 sed
1011 2250 1049 2292 ex

65 2323 242 2384 multorum
268 2321 437 2383 nominum
464 2321 617 2404 analogia.
668 2322 822 2385 accedunt
851 2323 1048 2404 hyacinthus,

65 2437 188 2497 crocus,
210 2418 330 2497 laurus3
351 2439 379 2478 v.
393 2436 451 2498 402
465 2415 689 2497 rhododaphm
702 2417 893 2496 nominatur,
914 2438 963 2480 res
976 2417 1049 2478 satis
1061 2437 1102 2481 tot

65 2513 295 2591 memorabilis,
325 2513 482 2594 siquidem
512 2510 545 2573 in
575 2510 683 2573 litteris
714 2513 767 2575 illa
796 2532 900 2593 neque
929 2511 1049 2592 graecis

65 2629 170 2691 neque
195 2608 297 2672 latinis
327 2622 398 2670 ante
424 2606 595 2670 Claudium
621 2623 749 2688 apparet
775 2606 927 2686 (Scribon.
955 2606 1047 2688 Larg.

64 2724 208 2784 compos.
226 2707 281 2783 55),
303 2701 416 2766 deinde
436 2701 539 2764 Plinio
561 2716 590 2764 et
614 2699 793 2762 Dioscoridi
812 2701 973 2763 notissima
994 2716 1048 2780 est,

65 2800 105 2863 cf.
127 2799 272 2862 Hehnius
293 2819 321 2880 p.
339 2798 403 2874 361,
426 2796 481 2879 qui
500 2799 559 2859 sub
579 2796 677 2860 finem
700 2795 816 2861 liberae
838 2796 883 2859 rei
903 2797 1048 2878 publicae

64 2915 137 2958 eam
158 2894 190 2957 in
211 2893 376 2956 Graeciam
401 2891 581 2954 translatam
609 2911 675 2954 esse
696 2893 820 2971 conicit,
841 2891 914 2955 inde
935 2893 968 2954 in
990 2894 1050 2954 lta·

64 2991 150 3053 liam.
190 3009 264 3050 sane
289 2986 333 3048 sic
358 3005 487 3067 quoque
513 2985 631 3049 factum
656 3007 721 3048 esse
747 3001 860 3068 potest,
885 3003 920 3049 ut
943 2989 1048 3069 planta

64 3085 100 3146 in
119 3082 195 3145 Asia
215 3082 347 3144 celebris
372 3101 391 3142 a
411 3096 505 3162 poeta
523 3101 647 3163 graeco,
674 3081 759 3145 unde
779 3083 881 3146 Culex
904 3083 1047 3163 pendeat,

64 3193 140 3242 ante
169 3176 249 3240 illud
278 3192 402 3258 tempus
433 3192 606 3239 memorata
636 3177 675 3239 sit
705 3178 755 3238 vel
782 3177 875 3239 etiam
901 3196 919 3238 a
949 3175 1047 3238 latino

64 3272 136 3336 aevi
158 3270 321 3354 Augustei.
365 3271 479 3334 deinde
504 3271 569 3334 lilia
599 3287 628 3334 et
658 3271 746 3334 roris
774 3291 835 3334 non
864 3269 940 3334 avait
969 3290 1100 3336 curatae

64 3364 194 3430 marini.
244 3366 289 3429 sic
318 3367 492 3448 significare
517 3381 619 3447 potest
643 3385 749 3430 rorem
774 3367 933 3428 marinum
953 3386 1049 3448 quem

65 3481 133 3524 non
154 3461 186 3522 in
207 3460 283 3523 aviis
304 3459 486 3542 regionibus
508 3460 570 3523 coli
591 3475 742 3541 oporteat,
763 3461 802 3524 cf.
818 3461 976 3524 Nicander
990 3462 1047 3543 frg.

64 3577 113 3636 74,
135 3558 170 3635 57
192 3557 315 3636 (Athen.
331 3556 426 3635 684b)
450 3557 530 3620 ὅσσα
558 3581 590 3620 aa
616 3556 736 3632 κοίλοις
758 3560 891 3644 ἄσπορα
913 3563 1047 3642 ναιομέ-

64 3671 150 3718 νοισι
172 3651 287 3728 τόποις
305 3652 516 3738 ἀνεθρέψατο
538 3651 656 3736 λειμών
677 3651 805 3718 κάλλεα.
855 3651 912 3714 sed
941 3669 971 3716 et
996 3673 1048 3716 ros
