2578 4242
202 305 241 366 36
560 301 820 350 communemve

202 485 247 544 fas
267 482 363 564 igitur
382 483 493 546 mortis
511 503 579 548 nort
592 499 658 548 erat
670 483 829 546 exorabile
848 504 882 548 nt
900 483 1008 558 edan,
1028 497 1064 544 ut
1082 483 1191 548 vitam

202 579 399 656 concederet,
423 598 521 660 quent
550 577 791 660 praepositionis
820 597 914 640 usum
936 581 1012 658 ‘quo
1039 577 1079 639 de
1106 594 1193 640 con·-

201 671 273 734 silio
292 689 324 735 et
344 673 457 736 ellectu
476 673 609 737 actionis
633 672 756 750 dicitur,
780 673 850 754 ipso
874 671 921 734 rei
945 692 1026 752 quae
1046 670 1193 734 efficitur

201 768 331 831 nomine
365 768 523 831 adiuncto'
552 769 693 831 tractavit
721 767 901 849 Madvigius
930 786 1036 848 opuse
1066 767 1192 832 acad.²

206 865 257 926 135
278 884 339 945 sq.;
365 863 469 926 Taciti
495 865 650 945 exempla,
674 883 812 945 quorum
835 863 992 945 quaedam
1016 859 1190 924 audaciam

201 960 373 1022 ostendunt
398 959 525 1039 qualem
548 959 601 1022 ille
625 959 687 1021 sibi
710 957 845 1038 sumpsit
869 959 959 1035 (anm
978 977 1002 1034 t,
1024 957 1059 1034 57
1082 975 1192 1036 neque

200 1053 283 1117 vt'cta
302 1053 335 1116 in
354 1053 507 1118 herenas
524 1075 622 1136 neque
643 1074 716 1118 voce
734 1052 874 1134 supplex)
899 1051 1026 1132 collegit
1044 1049 1190 1130 Nipper-

200 1148 291 1211 deius
310 1147 351 1209 ad
370 1167 442 1210 ann
457 1166 486 1226 2,
503 1148 551 1226 ¹33
570 1147 658 1210 aliud
671 1147 819 1210 dictionis
830 1146 1022 1227 exemplum,
1041 1159 1077 1207 ut
1089 1146 1189 1223 solet,

199 1242 304 1304 statim
328 1241 423 1305 infert
446 1263 475 1302 v.
497 1244 550 1310 301
578 1241 679 1306 socrat
699 1241 812 1324 gloria
835 1241 932 1306 sorus
952 1241 987 1304 in
1010 1259 1189 1316 excessum,

199 1337 234 1400 in
253 1351 390 1398 monem
409 1335 528 1402 scilicet
541 1352 577 1400 ut
588 1337 641 1400 hic
654 1337 688 1398 in
700 1337 807 1400 vitam
846 1355 914 1399 non
926 1350 1059 1416 possunt
1072 1350 1188 1397 autern

199 1430 357 1512 apertiora
376 1450 444 1492 esse
463 1431 503 1493 de
523 1431 658 1494 consilio
674 1431 834 1513 scriptoris
847 1430 963 1494 indicia
981 1449 1078 1512 quam
1092 1430 1188 1510 quod
1275 1421 1276 1430 ’

200 1525 234 1590 in
252 1525 310 1594 illo
329 1545 423 1588 versu
442 1525 554 1588 mortis
573 1542 605 1591 et
623 1527 706 1590 vitae
724 1526 881 1588 vocabula
899 1525 985 1588 iuxta
1004 1523 1105 1606 posita
1126 1524 1188 1586 de-

199 1620 435 1703 prehendimus
474 1622 553 1686 haec
572 1621 669 1703 igitur
688 1621 848 1685 mordicus
866 1619 1052 1682 tenebimus.
1084 1619 1187 1680 relin-

200 1715 308 1797 quitur
327 1736 389 1780 nott
407 1715 508 1778 deas.
548 1732 643 1797 atque
663 1717 798 1779 alterum
817 1735 879 1778 non
892 1715 925 1776 vi
938 1714 1184 1795 quodammodo
1276 1721 1277 1752 f

200 1826 291 1874 aucta
317 1809 363 1872 uti
389 1809 483 1872 debet
506 1829 581 1891 prae
605 1810 726 1891 priore:
755 1831 817 1880 nort
833 1811 896 1890 fas
918 1808 1080 1874 exorabile
1098 1819 1183 1884 erat,

200 1925 261 1968 non
281 1904 374 1968 dieas
392 1900 556 1966 exorabtie
573 1916 653 1978 erat,
674 1906 736 1969 ie.
757 1926 797 1968 ne
818 1906 909 1968 divae
929 1905 1059 1986 quidem
1079 1903 1183 1966 fatum

201 2000 360 2060 exorabile
379 2015 458 2076 erat;
489 1999 544 2079 qui
569 2019 645 2062 usus
668 2001 703 2064 in
722 2001 912 2082 pronomine
935 1998 1099 2062 sollemnis
1119 2013 1182 2060 est:

200 2112 296 2154 curae
313 2113 376 2156 nam
394 2094 465 2174 ipsa
484 2094 517 2156 in
535 2105 636 2158 morte
654 2095 816 2160 relt'mtmt.
866 2096 929 2158 hoc
948 2094 1044 2175 igitur
1062 2093 1183 2157 voluit:

199 2187 268 2268 lyra
289 2188 443 2269 persuasit
462 2187 669 2270 Proserpinae
690 2207 724 2254 ut
743 2191 924 2273 Eurydicen
948 2189 1102 2267 redderet,
1123 2187 1184 2260 sed

200 2282 300 2346 fatum
320 2283 444 2363 puellae
463 2284 585 2347 solvere
605 2285 664 2346 dea
684 2305 750 2348 non
770 2286 886 2366 potuit:
906 2285 1055 2365 sublege
1075 2281 1183 2344 reddi·
1278 2359 1279 2376 χ

201 2377 254 2455 dit,
286 2397 348 2458 qua
377 2379 447 2460 lege
471 2379 586 2442 violata
616 2380 662 2442 fas
693 2381 801 2452 mortis
832 2379 978 2444 constitit
1024 2377 1088 2442 hoc
1113 2397 1181 2440 non

200 2473 272 2536 satis
299 2475 467 2538 concinere
493 2475 677 2537 dicessum
706 2494 746 2536 eo
771 2475 860 2556 quod
885 2474 1033 2555 Orpheus
1063 2473 1181 2539 deinde

200 2568 335 2630 crudelis
361 2586 492 2632 vocatur
516 2571 558 2632 ob
585 2585 711 2650 ruptam
736 2571 850 2651 legem.
890 2570 945 2633 sed
971 2569 1011 2631 de
1032 2567 1077 2630 eis
1098 2588 1181 2649 quae

200 2663 381 2726 necessitate
407 2665 483 2726 liant
508 2684 653 2746 quaeque
677 2666 711 2728 in
734 2682 841 2728 nostra
871 2679 1024 2746 potestate
1052 2664 1116 2726 sint
1140 2683 1181 2726 ne

200 2757 323 2822 Stoicos
343 2756 474 2838 quidem
494 2759 691 2823 acutissimos
712 2760 890 2824 dialecticos
905 2760 1057 2824 concinne
1072 2759 1181 2840 dispu-

199 2866 279 2913 tasse
298 2868 392 2932 saepe
411 2853 594 2916 Academici
615 2855 924 2932 demonstraverunt3
954 2874 1020 2935 quo
1045 2855 1181 2935 paratior

199 2945 245 3008 illi
264 2945 356 3009 venia
376 2946 415 3010 sit
435 2948 523 3028 quod
537 2947 650 3012 dixerit
662 2949 763 3012 fatum
776 2949 953 3031 Eurydicae
974 2949 1079 3030 ipsum
1099 2949 1180 3013 solvi

199 3061 265 3105 non
285 3041 425 3122 potuisse
450 3042 608 3124 simulque
634 3064 704 3115 eam
729 3060 858 3126 propter
881 3044 1012 3108 nimiam
1033 3043 1180 3128 coniugis

199 3137 403 3218 cupiditatem
423 3138 463 3199 ad
483 3136 601 3202 inferos
616 3155 795 3204 revocatam
810 3159 884 3201 esse.
926 3139 1062 3220 denique
1084 3140 1179 3202 habet

198 3232 328 3313 quidem
348 3232 401 3294 ille
420 3252 529 3306 versus
548 3232 776 3315 synaloepham
794 3233 886 3297 dinae
899 3232 1060 3298 exorabile
1081 3254 1178 3315 quant

199 3343 377 3394 constanter
396 3343 491 3407 poeta
510 3329 594 3406 vitat,
619 3328 675 3391 sed
691 3347 788 3400 ¹more
814 3348 874 3389 suo
894 3327 970 3390 vitat
986 3343 1023 3402 ¹et
1044 3345 1181 3402 consue-¹

198 3421 306 3483 tudine
332 3442 429 3502 quarn
453 3422 520 3503 ipse
543 3422 603 3484 sibi
631 3421 793 3485 constituit
823 3442 982 3504 quamque
1014 3423 1177 3500 demutare

197 3514 319 3594 licebat,
339 3536 405 3579 non
426 3537 465 3579 ex
483 3518 553 3598 lege
573 3517 703 3580 metrica
717 3536 813 3597 quam
828 3517 962 3598 migrare
976 3536 1042 3582 non
1056 3511 1178 3596 liceren-

198 3607 302 3689 qualia
326 3625 448 3672 mutare
475 3611 646 3695 nonlicet,
677 3612 777 3675 immo
808 3611 1019 3693 intellegimus
1048 3629 1178 3693 poetam
