2578 4242
214 331 255 394 50
576 329 835 376 conunnrsmvs

216 509 319 592 potius
340 529 434 572 usum
454 511 611 591 pertinent
629 530 726 591 quem
738 511 878 574 tractavit
892 512 1030 575 Naekius
1045 514 1114 576 Val.
1129 515 1205 578 Cat.

215 625 246 688 p.
266 606 318 668 182
342 625 402 686 sq.;
432 605 530 666 aliurn
550 604 755 668 Woelfflinus
779 607 863 668 arch.
885 627 912 685 2,
933 609 970 687 95
992 628 1037 688 sq.
1064 609 1103 671 cf.
1125 609 1204 672 Seu.

216 715 317 762 contr.
339 720 367 779 7,
395 721 419 774 1,
444 718 491 779 27.
541 700 581 762 ad
610 699 664 761 illa
694 698 874 780 Vergiliana
903 701 1048 782 proxime
1078 705 1205 767 accedit

214 795 297 857 Ciris
316 817 344 857 v.
363 795 423 874 478
433 796 548 874 fertur
566 803 598 856 et
614 793 740 856 mcertis
759 795 895 858 eiectatur
912 795 960 858 ad
970 796 1077 860 munia
1090 799 1204 876 ventis,

214 890 362 952 Lucanus
374 890 400 964 3,
413 890 470 968 390
470 887 650 970 flagrantis
660 888 692 950 iu
702 889 809 952 munia
819 888 899 972 belle,
914 911 941 971 2,
953 893 1010 954 656
1026 891 1152 956 Caesar
1166 894 1204 956 in

211 984 320 1048 muntia
329 993 487 1066 praeceps.
522 983 584 1046 hoc
602 983 698 1064 igitur
717 983 777 1045 sibi
791 985 925 1066 sumpsit
938 985 1057 1048 Culicis
1078 1002 1203 1065 auctor,

215 1095 245 1142 et
265 1095 330 1142 tarn
350 1078 463 1159 cupide
478 1077 617 1158 quidem,
637 1093 673 1142 ut
692 1097 760 1141 non
776 1079 868 1160 plura
881 1080 1038 1161 Vergilius
1053 1083 1204 1163 exempla

213 1176 370 1256 praebeat,
387 1188 451 1236 tam
466 1172 600 1235 obscura
613 1173 734 1236 ratione
748 1174 892 1253 subinde,
907 1190 941 1238 ut
954 1176 1105 1256 pleraque
1121 1195 1203 1240 con-

213 1269 339 1332 iecturis
350 1267 676 1350 temptatavideamus.
691 1269 926 1350 atquevidimus
936 1269 1202 1334 amnmluxuriae

213 1366 285 1443 (59),
305 1372 414 1426 cuneta
423 1364 574 1442 fremunt
586 1364 673 1442 (153),
693 1372 801 1426 macta
813 1364 952 1444 paranti
969 1365 1056 1444 (182),
1078 1366 1203 1429 accedit

213 1479 242 1520 v.
265 1459 321 1538 348
342 1458 447 1520 amnia
471 1457 578 1531 ventis,
608 1456 714 1520 omnm
737 1456 913 1520 turbinibus
940 1469 1015 1521 sunt
1036 1460 1139 1522 auam
1170 1477 1203 1523 et

214 1553 314 1634 magis
328 1552 470 1615 intricata
484 1552 575 1614 haec:
594 1553 650 1613 233
664 1573 755 1633 quem
768 1552 855 1616 circa
867 1553 971 1616 trism
983 1553 1152 1618 densenteer
1164 1556 1201 1618 in

211 1648 319 1713 brunia
332 1658 462 1730 paenae,
489 1665 545 1727 242
566 1647 709 1728 gutberti
727 1647 833 1710 arenti
855 1647 1014 1710 renobabis
1038 1649 1071 1711 in
1091 1651 1202 1712 munia

212 1765 312 1808 same.
354 1763 421 1806 non
440 1743 483 1805 ita
503 1741 656 1824 explicari
664 1761 756 1823 posse
769 1742 894 1805 videtur
912 1765 940 1806 v.
953 1763 1018 1823 217,
1041 1744 1097 1806 ubi
1110 1745 1200 1822 vide;

212 1841 268 1902 sed
289 1840 431 1902 eiusdem
456 1837 580 1919 generis
600 1857 667 1900 esse
693 1853 821 1919 apparet
845 1838 934 1919 quod
958 1853 1128 1902 tractamus
1148 1860 1200 1902 ve·

213 1935 325 1998 neentis
337 1934 385 1998 ad
398 1934 514 2007 mum,
536 1947 661 2015 paratus
674 1933 792 1996 scilicet
805 1933 890 1996 venit
903 1933 943 1995 ad
958 1933 1065 1996 omnia
1077 1934 1200 1997 scelera

211 2049 350 2110 serpens,
375 2044 410 2090 ut
434 2037 542 2091 cuncta
560 2035 708 2109 paratv.
734 2028 796 2106 182,
827 2048 863 2090 ea
894 2028 933 2090 de
963 2047 1056 2091 causa
1083 2029 1199 2091 oculos

213 2123 305 2201 tollit,
325 2123 375 2184 vel
392 2123 498 2205 potius
519 2122 586 2184 eius
606 2121 693 2184 vesus
709 2120 857 2184 telbbant
873 2121 979 2185 sinon
993 2143 1097 2186 aurae
1110 2126 1199 2202 (nam

214 2239 266 2281 eas
296 2218 601 2299 quomodocumque
630 2215 785 2297 explicare
820 2217 942 2280 coneris
972 2217 1077 2299 inepta
1112 2235 1197 2296 sunt,

212 2314 278 2375 sive
297 2328 408 2376 ventos
428 2313 590 2392 intellegas
610 2312 762 2392 serpentis
776 2311 895 2374 collum
912 2312 1016 2375 levare
1029 2328 1060 2374 et
1074 2313 1198 2394 erigere

210 2409 277 2472 sive
302 2429 393 2472 auras
423 2406 499 2469 folia
528 2422 688 2468 moventes
718 2422 873 2470 attentum
903 2407 1011 2472 fecisse
1041 2409 1198 2489 serpentis
1282 2459 1283 2470 ,

211 2504 357 2568 animum
376 2504 501 2580 sumas),
522 2517 553 2564 at
572 2501 641 2565 talis
661 2516 743 2564 certe
763 2521 812 2564 res
836 2501 937 2583 qualis
958 2502 1082 2565 efficere
1096 2502 1199 2565 soleat

213 2615 249 2662 ut
273 2601 313 2662 ad
340 2598 448 2662 omnia
474 2597 612 2660 facinora
636 2596 719 2659 ferae
744 2616 777 2658 se
803 2613 921 2678 parent,
953 2599 1070 2660 famem
1100 2598 1197 2669 dicas,

213 2693 406 2775 cupidinem,
425 2692 642 2755 crudelitatem
662 2692 722 2770 vel,
748 2692 836 2771 quod
860 2693 900 2755 ad
925 2712 1044 2774 angues
1069 2693 1199 2772 potissi-

214 2805 304 2849 mum
324 2786 471 2868 pertinet:
492 2785 641 2850 tollebant
656 2785 727 2850 irae
745 2786 894 2850 venientu
910 2787 958 2850 ad
971 2785 1078 2850 aueum
1097 2787 1197 2852 umes.

213 2895 327 2944 notum
347 2894 393 2943 est
412 2880 568 2960 anguibus
593 2882 690 2963 vulgo
709 2882 821 2946 ascribi
844 2882 1049 2946 iracundiam.
1089 2883 1198 2963 lepide

212 2976 327 3038 Cicero
348 2975 381 3038 in
397 2975 560 3038 Vatinium
576 2996 597 3057 4
615 2976 729 3040 amesti
745 2976 848 3040 banus
866 2976 1016 3051 munibus
1034 2977 1122 3058 qread
1135 2999 1199 3060 ega

209 3069 344 3137 simulac
363 3080 391 3134 te
410 3071 524 3152 aspexi
534 3107 571 3118 —
584 3070 670 3134 semi
686 3080 778 3152 atque
791 3070 927 3151 praealti
968 3081 1091 3153 repente
1109 3073 1197 3137 enim

212 3177 240 3230 te
264 3176 425 3248 tamquam
447 3177 575 3248 serpens
593 3189 610 3230 e
631 3165 768 3230 latibulis
791 3164 888 3229 ocum
911 3165 1121 3241 eminentibus,
1147 3167 1197 3232 in·

200 3262 287 3344 flata
312 3261 398 3335 colla,
424 3261 552 3324 tumidis
575 3261 746 3326 cervicibus
772 3260 908 3324 intulisti.
949 3261 994 3324 sic
1014 3261 1197 3326 Nicandrus

211 3358 290 3420 ther.
313 3358 362 3421 181
388 3357 445 3421 bal
467 3357 599 3441 ζαμενὲς
613 3361 782 3434 κοτέουσα,
806 3356 844 3419 cf.
864 3357 924 3437 469
942 3376 988 3438 sq.
1033 3356 1196 3438 Vergilius

210 3455 290 3514 Aen.
312 3470 343 3530 2,
375 3452 431 3532 379
465 3451 670 3533 improvisum
704 3450 810 3533 aspris
844 3449 943 3514 veluti
972 3451 1030 3532 qui
1057 3451 1197 3516 scatebras

209 3563 347 3626 anguem
363 3546 482 3626 pressit
496 3546 588 3610 humi
603 3547 702 3610 netem
720 3545 918 3628 trepidusque
930 3555 1052 3627 repente
1071 3548 1199 3629 refiegit

208 3637 384 3702 amanam
403 3641 474 3702 iras
492 3649 524 3703 et
534 3641 663 3704 caerula
677 3639 756 3704 calba
769 3649 942 3714 bammum,
963 3639 1000 3703 cf.
1016 3641 1069 3704 Sil
1084 3643 1113 3720 6,
1134 3645 1193 3706 253
