2578 4242
209 303 248 365 gg
363 308 374 328 ¹
568 299 828 346 coststsutsurvs

209 479 370 544 condicio:
390 481 506 562 dignus
524 499 617 544 amor
636 480 737 560 veneo,
752 490 888 563 gramm
906 480 939 542 si
961 479 1105 542 Tartara
1127 500 1200 544 nos·

209 580 299 639 sent?
331 576 441 638 debuit
464 596 541 640 sane
566 576 691 640 ventem
713 577 746 639 si
768 575 911 638 Tartara
935 584 1065 652 nossent,
1096 591 1133 638 et
1158 595 1200 638 ne

210 671 254 734 sic
280 671 411 753 quidem
435 672 476 735 ad
500 685 621 734 rectum
646 671 743 734 finem
770 669 968 752 perduxisset
990 671 1200 734 enuntiatum

209 768 249 828 ab
263 767 397 848 apodosi
411 766 567 847 generalis
581 766 753 828 sententiae
771 765 932 847 incipiens
966 784 1007 828 ne
1018 765 1199 847 adsumpto

209 859 341 941 quidem
353 861 548 924 substantivo
556 870 692 942 gramm
703 859 736 928 si
748 858 779 921 Τ
773 869 891 922 artata
902 869 1026 922 nossent
1030 869 1199 942 peccamen

209 957 287 1019 haec
307 953 495 1037 vituperatio
515 956 663 1032 evitatur;
683 971 758 1016 nam
771 955 860 1035 quod
872 955 965 1017 venia
977 955 1111 1036 dignum
1128 974 1198 1020 non

210 1051 304 1113 etiam
322 1051 475 1114 continuo
492 1066 617 1131 gratum
632 1064 797 1131 peccatum
812 1065 870 1116 est.
903 1051 948 1114 sic
966 1049 1099 1112 sentitur
1121 1055 1199 1131 gra⁴

210 1146 296 1209 datio
316 1147 487 1210 sententiae
512 1167 530 1209 a
554 1145 703 1210 veniabili
729 1145 769 1207 ad
789 1160 924 1226 gratum,
951 1163 1047 1226 quam
1070 1145 1114 1206 ita
1141 1166 1198 1208 ex·

209 1241 281 1302 tulit
306 1257 412 1321 poeta:
442 1241 557 1322 dtgttus
580 1257 674 1304 amor
696 1241 803 1316 vetum
826 1249 970 1322 graden,
992 1239 1025 1302 st'
1047 1238 1199 1302 Tartara

209 1345 339 1409 nossent,
364 1345 534 1417 peccatum,
564 1335 681 1398 scilicet
705 1335 731 1396 si
758 1350 885 1416 gratum
908 1349 1045 1409 nossent,
1069 1334 1133 1396 nisi
1155 1339 1197 1398 ab

209 1429 316 1492 inferis
336 1430 438 1492 aliena
457 1445 538 1492 esset
557 1430 637 1511 grati
657 1430 756 1492 notio.
795 1430 922 1510 respicit
933 1429 1030 1511 igitur
1041 1430 1083 1491 ad
1096 1430 1197 1492 illud:

201 1533 345 1606 poenane
364 1533 519 1605 respectes
537 1535 569 1588 et
582 1545 663 1592 nune
673 1536 788 1600 matut,
811 1525 964 1608 Orpheus,
983 1526 1016 1589 in
1036 1529 1085 1588 te?
1105 1527 1197 1602 (nam

201 1629 345 1701 poenane
364 1621 494 1682 fortasse
514 1638 587 1683 vera
608 1637 655 1683 est
673 1622 853 1684 Schenkelii
873 1621 1038 1700 corremio)
1059 1639 1096 1682 ac
1116 1621 1197 1684 dicit

208 1735 275 1778 non
301 1730 424 1779 tantum
447 1715 536 1793 iram,
566 1717 622 1779 sed
645 1735 685 1779 ne
707 1716 864 1780 tristitiam
890 1717 1021 1799 quidem
1046 1711 1196 1798 coniugis

209 1812 343 1876 excitare
354 1812 501 1874 debuisse
514 1811 650 1873 nimium
661 1825 803 1874 amorem
814 1811 945 1894 Orphei.
973 1811 1060 1874 addit
1073 1825 1196 1888 autem,

209 1915 330 1971 tantum
353 1925 533 1970 maerorem
552 1904 729 1988 Eurydices
749 1907 864 1968 iterum
884 1905 1062 1989 respiciens,
1085 1907 1196 1969 memi-

209 2001 293 2063 nisse
305 2020 413 2082 grave
431 2010 485 2073 est,
510 2000 661 2064 nimirum
687 2017 754 2064 non
781 1999 888 2063 mirari
912 2021 946 2066 se
965 2001 1123 2064 tristitiam
1144 2019 1195 2064 re-

211 2095 370 2158 cordantis
389 2096 509 2157 tristem
530 2097 574 2157 rei
595 2111 743 2160 eventum
764 2115 800 2159 ac
821 2097 951 2158 fortasse
971 2113 1011 2158 ne
1032 2097 1194 2159 irascentis

211 2189 350 2271 quidem.

287 2290 393 2368 Atque
423 2286 475 2348 hic
504 2287 593 2348 locus
623 2301 690 2348 esse
718 2285 842 2348 videtur
872 2287 1025 2349 monendi
1056 2289 1095 2350 de
1123 2303 1193 2352 toto

211 2381 345 2443 consilio
365 2381 454 2463 quod
473 2396 567 2464 poeta
587 2381 621 2442 in
641 2381 817 2444 inferorum
835 2381 1044 2463 descriptione
1065 2397 1194 2444 secutus

210 2475 263 2552 sit;
290 2477 330 2539 de
351 2495 416 2559 quo
437 2477 517 2540 nihil
541 2477 601 2538 nisi
626 2478 734 2538 turbas
755 2476 896 2538 fecerunt
917 2489 1194 2555 commentatores,

211 2591 284 2634 cum
310 2591 376 2634 non
401 2573 686 2636 animadverterent
710 2572 803 2652 plane
827 2570 982 2632 diversam
1013 2591 1080 2634 esse
1105 2573 1193 2634 illam

211 2667 330 2729 Culicis
351 2667 562 2748 aVergiliana
583 2666 758 2729 inferorum
778 2664 890 2747 specie
925 2681 1020 2748 atque
1033 2667 1193 2749 Vergilius

211 2761 341 2842 quidem
355 2765 498 2824 Aeneam
517 2761 691 2824 admissum
712 2761 752 2823 ad
767 2761 884 2824 inferos
900 2761 988 2824 ducit
1001 2762 1050 2841 (cf.
1065 2763 1193 2825 Servius

211 2857 250 2918 ad
271 2856 299 2935 6,
318 2857 388 2936 426)
415 2876 472 2938 per
497 2856 665 2919 infantium
684 2858 765 2934 loca,
791 2874 848 2938 per
867 2857 1092 2920 damnatorum
1113 2859 1193 2921 falso

211 2951 351 3031 crimine,
372 2971 429 3034 per
448 2952 712 3034 interemptorum
731 2953 859 3035 propria
872 2968 979 3030 manu,
1001 2951 1117 3015 deinde
1138 2973 1194 3034 per

211 3048 349 3131 lugentes
372 3057 498 3129 campos
522 3048 577 3110 ubi
602 3047 742 3110 habitant
770 3067 848 3130 ques
871 3043 971 3110 durus
999 3063 1094 3110 attor
1123 3065 1194 3110 cru·

211 3142 278 3208 deli
293 3143 364 3207 tabe
386 3143 524 3225 peredit,
551 3141 693 3206 Phaedra
718 3142 849 3220 scilicet,
874 3143 1007 3222 Procris,
1031 3141 1194 3225 Eriphyle,

211 3239 352 3318 Euadne,
374 3237 536 3319 Pasiphae,
558 3237 739 3316 Laodamia,
761 3237 915 3316 Caeneus,
939 3238 1076 3318 denique
1092 3239 1192 3314 Did0;

210 3349 361 3397 secuntur
380 3333 465 3396 bello
479 3332 564 3411 clari,
583 3333 715 3414 Tydeus
729 3347 760 3394 et
772 3333 934 3412 Adrastus,
955 3349 1192 3416 oppugnatores

211 3429 327 3494 Troiae
348 3444 379 3492 et
399 3428 593 3507 defensores3
619 3443 686 3491 tum
708 3425 831 3490 Tartari
851 3427 978 3490 moenia
1005 3442 1035 3490 et
1061 3427 1192 3492 damna-

210 3539 317 3586 torum
337 3522 446 3601 series;
472 3523 600 3586 tandem
620 3523 770 3588 devemre
790 3522 871 3588 locos
889 3522 1191 3603 laetos-fortuno-

209 3626 313 3682 torum
335 3637 499 3682 nemorum
518 3617 663 3699 sedesque
683 3618 797 3682 beatas
839 3618 890 3683 hic
911 3618 1059 3699 Orpheus
1082 3618 1190 3700 piique
