2578 4242
258 357 311 420 ,03
611 355 871 402 comtmrsmvs

253 537 393 600 marinus
428 553 541 618 sponte
569 538 708 599 nascitur
740 557 845 618 neque
874 537 907 598 in
940 537 1016 598 aviis
1049 539 1226 618 regionibus

253 632 425 713 quicquam
445 632 567 694 colitur.
607 652 674 694 non
693 632 836 713 ineptum
863 631 944 694 foret
967 651 1029 694 non
1052 634 1128 695 αυὶα
1148 643 1225 706 tura,

253 727 291 789 cf.
313 727 353 789 de
376 747 448 789 rore
473 727 597 788 marino
617 727 698 788 Plin
719 747 767 806 24,
787 749 826 807 99
840 725 936 806 foliis
958 727 1037 790 odor
1055 728 1146 807 turis,
1173 747 1226 790 nec

252 825 389 884 obstaret
412 823 445 884 in
470 823 532 886 hoc
556 837 649 903 poeta
679 823 767 902 quod
792 821 934 902 sequitur
961 821 1121 904 herbaque
1150 823 1227 907 turis
1275 831 1276 834 ’

250 928 321 999 opes
331 917 452 998 priscis
470 917 594 980 imitata
612 915 752 990 Subrium
779 916 872 978 audes
888 933 998 979 autem
1016 918 1225 1000 longinquum

250 1029 282 1075 et
302 1013 461 1074 diversum
479 1012 632 1094 significat
645 1012 713 1073 sine
726 1010 858 1073 notione
871 1014 1042 1075 aberrantis
1056 1034 1074 1075 a
1086 1014 1138 1075 via
1158 1035 1186 1074 e.
1198 1033 1223 1094 g.

250 1107 349 1170 Statio
367 1107 433 1170 silv.
446 1129 476 1187 4,
499 1111 525 1187 5,
545 1127 584 1186 29
601 1115 668 1169 tene
687 1106 720 1168 in
738 1106 867 1168 remotis
879 1106 1026 1188 Syrtibus
1037 1107 1113 1170 avt'tt
1124 1107 1226 1190 Leptis

249 1201 388 1264 crea-ael?
409 1205 435 1280 5,
449 1221 509 1280 2,2
529 1222 584 1265 nec
603 1201 699 1282 longa
717 1201 994 1265 morastmttavia
1007 1202 1105 1277 tellus,
1123 1203 1224 1264 Theb.

251 1317 276 1372 r,
295 1299 348 1375 ¹59
368 1316 506 1377 quasque
516 1295 636 1377 procul
650 1305 756 1358 terras
768 1295 891 1378 obh’quo
901 1297 1006 1360 saliere
1018 1298 1122 1379 tangit
1137 1297 1225 1360 audes

248 1390 337 1451 aliter
370 1410 467 1471 quam
499 1391 617 1471 procul
648 1390 741 1452 audes
770 1411 868 1454 erras
902 1391 1021 1454 dixerat
1053 1390 1224 1452 Lucretius.

247 1485 397 1547 Heinsius
424 1486 513 1566 quod
537 1485 672 1547 coniecit
696 1485 783 1548 roris
805 1505 868 1549 non
891 1487 968 1549 aveir
991 1485 1085 1549 turba
1107 1485 1226 1548 martiri

248 1588 314 1642 non
334 1581 477 1662 displicet
496 1579 555 1641 nisi
575 1581 664 1661 quod
684 1581 764 1642 nihil
784 1582 879 1643 habet
895 1581 935 1643 ad
949 1599 1054 1644 rorem
1068 1580 1223 1642 marinum

193 1690 234 1733 tot
247 1677 446 1756 potissimum
467 1676 555 1757 quod
572 1675 727 1757 pertinere
740 1675 891 1738 videatur.
930 1678 970 1739 de
987 1676 1090 1739 herba
1102 1675 1224 1738 Sabina

246 1770 367 1832 Plinius
387 1789 435 1850 24,
459 1791 512 1834 102
535 1770 637 1833 herba
660 1771 785 1834 saum
810 1807 846 1816 -—
870 1793 892 1835 a
915 1771 1022 1834 mltis
1044 1771 1076 1834 in
1100 1771 1224 1852 suffitus

238 1875 304 1945 pro
327 1874 398 1927 ture
422 1864 615 1939 admmitur,
642 1867 773 1929 Catonis
799 1867 838 1929 de
858 1868 925 1948 agri
945 1869 1017 1930 cult.
1037 1887 1085 1944 70,
1111 1886 1120 1927 1
1144 1867 1224 1928 mrz's

239 1979 352 2040 grana
369 1960 443 2034 tria,
462 1959 581 2022 herbae
593 1960 733 2023 Sebritae
743 1961 874 2042 plantas
885 1971 958 2035 tres,
970 1980 1019 2038 ‘ne
1033 1961 1104 2042 quis
1116 1981 1223 2023 rursus

245 2053 377 2116 Sabinis
395 2055 529 2116 scribere
549 2055 693 2116 animum
713 2056 855 2136 inducat,
881 2057 969 2136 quod
989 2055 1130 2119 fecerunt
1153 2072 1223 2138 post

245 2148 339 2210 ltalos
358 2149 509 2230 plerique,
530 2169 612 2210 unus
632 2149 714 2212 inter
733 2153 921 2215 recentiores
942 2151 1151 2214 Baehrensius
1172 2173 1222 2213 ve-

192 2259 312 2304 ruuram
336 2245 523 2325 scripturam
546 2245 655 2307 tenuit
700 2245 882 2328 chtysantes
904 2267 963 2328 pro
994 2245 1221 2328 chryanthemo

243 2337 401 2400 invenitur
421 2339 506 2420 apud
526 2339 721 2402 Nicandrum
741 2345 781 2418 (v.
796 2343 835 2422 69
859 2342 1042 2429 χρυσανθὲς
1062 2336 1220 2428 ἀμέργων)

206 2465 210 2474 v
242 2433 328 2495 unde
349 2434 487 2514 Scaliger
507 2435 558 2496 hic
577 2435 724 2514 restituit;
753 2457 812 2499 nec
836 2437 999 2517 probabile
1025 2449 1071 2498 est
1095 2436 1128 2497 in
1150 2455 1220 2498 raro

243 2528 329 2589 floris
348 2531 478 2592 nomine
496 2531 608 2593 veteris
626 2531 802 2612 vulgarisvc
822 2531 855 2593 in
868 2531 1090 2594 transferendis
1103 2531 1220 2611 graecis

244 2623 426 2685 nominibus
446 2625 683 2689 consuetudinis
706 2627 888 2707 exemplum
913 2625 1116 2708 deprehendi,
1138 2646 1221 2688 rece-

244 2717 422 2800 pissemque
451 2719 539 2797 illud,
569 2721 629 2781 nisi
659 2721 800 2783 viderem
823 2720 917 2783 etiam
946 2721 1137 2808 χρὺσανθος
1159 2722 1220 2782 for-

242 2811 322 2872 mari
336 2832 438 2892 posse,
460 2813 498 2874 cf.
512 2815 701 2896 χάλκανθος
724 2817 864 2902 οἰνάνθη
885 2820 987 2902 ἄνθη,
1010 2833 1041 2878 et
1058 2817 1146 2898 apud
1159 2816 1220 2879 Pli-

243 2905 332 2966 nium
352 2905 385 2966 in
406 2908 567 2970 codicibus
589 2929 655 2972 esse
669 2929 716 2986 ar,
736 2911 788 2988 168
807 2911 1036 2993 ltelt'ochtymm
1054 2911 1115 2975 alii
1134 2913 1219 2994 clary-

241 3001 373 3064 santlwn
391 3012 510 3078 vocant,
531 3005 586 3065 ubi
606 3025 680 3068 sane
701 3026 738 3068 ex
759 3006 944 3070 Dioscoride
964 3007 1220 3088 chrysanthemon

189 3099 475 3160 resubstituerunt.
526 3119 554 3160 v.
574 3101 633 3178 406
656 3099 802 3165 bocchum
826 3102 938 3164 florem
963 3101 1148 3166 fruticemve
1169 3123 1220 3164 co-

241 3193 423 3271 gnoscimus
440 3190 476 3255 'a
511 3193 626 3256 Mauro
663 3216 737 3277 rege
771 3197 984 3276 nominatum,
1025 3216 1123 3277 quem
1156 3199 1221 3259 sive

241 3286 465 3368 Iugurthinum
489 3291 580 3352 illum
603 3291 679 3371 sive,
709 3293 797 3373 quod
820 3294 922 3355 multo
942 3291 1138 3375 probabilius
1167 3306 1217 3370 est,

240 3380 399 3444 iuniorem
418 3403 527 3466 regem
541 3386 784 3449 Caesareensem
797 3387 1017 3470 intellegimus,
1033 3389 1111 3451 haec
1124 3389 1216 3450 verba

239 3472 357 3557 Luyae
375 3480 464 3560 regis
481 3501 602 3544 memor
621 3484 713 3564 plane
734 3484 904 3546 ostendunt
924 3504 1050 3546 carmen
1068 3483 1216 3564 scriptum

240 3589 305 3632 esse
330 3587 402 3652 post
421 3593 447 3635 a.
468 3593 499 3636 u.
520 3576 586 3654 72'1,
618 3597 683 3658 quo
713 3578 790 3641 alter
816 3579 961 3641 bocchus
989 3581 1135 3642 mortuus
1165 3597 1214 3642 est.

241 3684 306 3742 quo
316 3683 503 3744 argumento
519 3684 678 3732 uteremur
693 3689 800 3734 contra
814 3672 959 3734 canninis
975 3675 1131 3756 originem
1142 3677 1215 3739 Ver·
