2600 4242
222 310 256 370 16
592 307 822 354 COMMENTARII

214 491 319 552 aliena
333 490 403 566 sint,
418 489 572 569 imputare
587 508 652 551 non
663 488 793 564 dubitet,
808 486 1011 566 prohibeatur
1024 489 1205 553 imitatione

218 585 382 648 manifesta
412 584 631 646 bucolicorum
660 583 882 664 georgicorum
916 584 1075 662 Aeneidis,
1109 586 1204 646 cuius

215 681 342 762 singula
367 679 511 760 exempla
531 678 582 740 hic
600 677 794 758 praecepisse
812 677 883 739 satis
898 677 964 756 erit,
985 678 1024 739 de
1047 679 1205 742 bucolicis

218 797 247 838 v.
263 796 329 856 292,
349 776 388 837 de
407 773 561 856 georgicis
575 793 603 833 v.
618 773 653 834 58
667 793 721 852 sq,
743 772 781 833 de
796 772 937 834 Aeneide
954 792 982 833 v.
1002 791 1064 852 179.
1104 787 1204 854 atque

216 873 285 954 ipse
300 869 502 946 Ribbeckius,
527 867 582 948 qui
609 866 763 947 originem
784 867 997 948 Vergilianum
1022 869 1055 929 in
1080 888 1204 950 appen-

215 967 297 1029 dicis
329 963 563 1047 prolegomenis
594 961 788 1040 defenderat,
823 961 978 1024 diversam
1012 964 1204 1025 sententiam

216 1062 297 1123 dixit
309 1079 411 1142 nuper
423 1059 456 1120 in
467 1057 570 1139 poesis
580 1056 695 1120 latinae
705 1056 834 1119 historia
848 1058 976 1136 (volum.
989 1077 1006 1118 a
1021 1077 1052 1139 p.
1064 1059 1121 1140 349
1132 1061 1203 1140 sq.).
1287 1071 1288 1114 1

215 1157 308 1238 quod
328 1156 355 1218 si
378 1153 449 1235 quis
469 1152 519 1214 vel
544 1152 642 1215 alium
665 1152 760 1214 fuisse
779 1151 900 1232 Vergili
919 1152 1064 1215 Culicem
1088 1154 1139 1216 vel
1160 1157 1203 1216 ab
1287 1171 1288 1180 ¹

219 1252 444 1332 interpolatore
469 1246 695 1328 amplificatum
719 1247 805 1308 hunc
831 1264 927 1326 quem
951 1261 1095 1310 tenemus
1122 1269 1205 1311 con·
1287 1245 1288 1296 l

219 1345 340 1422 tendat,
371 1363 437 1405 non
467 1357 612 1404 nostrum
638 1357 684 1403 est
714 1341 927 1404 coniecturam
957 1341 1058 1404 facere
1088 1342 1114 1403 si
1145 1344 1205 1424 qui

217 1452 347 1502 narrent
367 1437 459 1500 nobis
480 1437 557 1518 quid
579 1436 813 1498 somniaverint.
854 1456 930 1517 ergo
953 1437 1133 1518 suppositus
1156 1455 1206 1500 est
1287 1469 1288 1504 1

220 1534 360 1614 Vergilio
387 1532 489 1594 Culex
515 1533 600 1610 (nam
623 1531 691 1592 sine
717 1531 826 1593 fraude
854 1532 989 1595 auctoris
1002 1571 1004 1574 -
1018 1552 1084 1595 non
1109 1533 1204 1595 facile

218 1628 365 1690 homines
386 1627 469 1689 illius
485 1627 553 1690 aevi
568 1646 694 1688 carmen
708 1626 848 1706 Vergilio
868 1627 1058 1706 tribuissent)
1079 1643 1205 1708 etpost
1287 1628 1288 1670 ἶ

219 1739 357 1786 mortem
375 1723 506 1803 quidem
524 1721 643 1802 Vergili
663 1719 858 1802 suppositus3
879 1721 1063 1784 certioribus
1084 1720 1204 1784 finibus
1287 1719 1288 1722 ’

215 1819 365 1882 carminis
391 1834 515 1899 tempus
540 1817 706 1899 quomodo
733 1815 866 1878 describi
886 1816 984 1896 possit
1006 1835 1073 1878 non
1095 1817 1205 1896 vide0‚

219 1914 279 1976 nisi
300 1913 387 1993 quod
407 1913 497 1975 annis
517 1933 584 1975 non
597 1911 705 1993 paucis
724 1927 796 1973 ante
817 1910 937 1973 Lucani
955 1911 1205 1975 adulescentiam

220 2008 340 2070 editum
362 2027 427 2069 esse
453 2006 556 2068 debet.
609 2025 676 2067 non
696 2005 768 2067 licet
787 2005 882 2086 igitur
907 2006 946 2066 de
971 2021 1204 2088 temporetam

218 2102 336 2164 recenti
356 2100 493 2180 cogitare
514 2119 611 2181 quam
631 2100 732 2162 facere
756 2101 880 2163 videtur
900 2100 1044 2162 Hehnius
1064 2101 1097 2162 in
1118 2101 1204 2164 libro

220 2198 260 2260 de
285 2195 430 2277 plantatis
454 2209 485 2256 et
508 2195 672 2274 pascendis
697 2214 727 2275 p.
750 2197 805 2274 539
826 2195 875 2271 (cf.
898 2195 938 2260 ad
956 2217 985 2256 v.
999 2198 1077 2275 402).
1118 2213 1204 2260 certe

215 2291 413 2374 synaloepha
432 2288 526 2352 vitata
545 2304 668 2370 praeter
681 2292 791 2352 breves
804 2291 929 2353 vocales
945 2312 1011 2354 non
1025 2292 1204 2354 necessario

215 2386 259 2446 ad
273 2384 455 2448 Neroniana
469 2399 613 2464 tempora
626 2404 685 2446 nos
700 2385 796 2463 ducit,
815 2385 972 2466 siquidem
985 2387 1123 2448 severius
1138 2386 1205 2448 iam

220 2479 370 2542 Horatius
385 2480 447 2562 egit
461 2479 493 2542 in
508 2478 636 2560 epodon
650 2494 737 2540 sexto
752 2479 890 2557 decim03
915 2496 1081 2561 poetarum
1094 2497 1204 2542 autem

220 2577 308 2657 quod
325 2575 377 2638 ille
397 2576 581 2638 Lucretium
601 2573 765 2637 Catullum
783 2574 969 2654 Vergilium,
992 2574 1132 2656 Vergilio
1153 2595 1206 2636 re·
1287 2579 1288 2656 l

217 2671 393 2732 centiorem
414 2672 539 2733 nullum
560 2668 746 2749 expressisse
766 2669 891 2732 videtur
914 2671 999 2748 (nam
1024 2669 1063 2732 de
1084 2669 1205 2732 Ovidio
1287 2661 1288 2664 ¹

218 2785 268 2826 res
289 2765 415 2842 incerta,
437 2764 474 2826 cf.
496 2763 612 2825 Birtius
633 2764 673 2825 ad
693 2763 762 2826 hist.
784 2764 853 2826 hex.
874 2764 925 2826 lat.
944 2782 979 2843 41
1008 2781 1039 2827 et
1059 2766 1206 2828 Bueche-
1287 2827 1288 2834 ,

219 2861 304 2922 lerus
330 2879 409 2921 mus.
431 2860 532 2922 Rhen.
550 2861 599 2938 45,
621 2859 678 2937 324
703 2873 733 2920 et
753 2878 833 2939 quae
857 2859 897 2920 ad
917 2881 945 2921 v.
961 2861 1026 2921 323.
1048 2860 1114 2921 328.
1135 2860 1205 2922 332.
1287 2913 1288 2934 ,

222 2949 449 3034 399,dicemus;¹
470 2974 528 3016 nec
539 2954 728 3034 persuadent
742 2973 823 3035 quae
837 2954 877 3015 de
891 2954 1055 3035 Propertio
1070 2954 1206 3017 Tibullo

220 3049 386 3130 Lygdamo
417 3049 519 3111 attulit
549 3048 664 3110 Bittius
693 3049 713 3110 l.
735 3071 758 3111 s.
789 3064 820 3110 et
850 3049 889 3110 de
914 3049 1051 3112 Halieut.
1075 3066 1114 3127 47
1135 3049 1204 3128 sq.),
1287 3051 1288 3054 ’

218 3161 323 3226 potest
343 3144 511 3208 consilium
530 3158 643 3225 poetae
663 3143 696 3206 in
710 3162 802 3206 causa
819 3164 894 3222 esse,
916 3164 981 3207 non
1001 3159 1094 3206 aetas.
1135 3162 1206 3204 nou

217 3261 280 3320 ego
309 3241 386 3303 haec
416 3240 489 3301 ideo
520 3239 592 3300 dico
622 3237 697 3318 quia
726 3258 744 3300 a
773 3238 892 3318 Vergili
922 3252 1020 3300 aetate
1047 3252 1204 3319 quantum

221 3350 324 3416 potest
342 3355 467 3398 carmen
486 3333 717 3395 removendum
737 3353 803 3395 esse
825 3353 983 3410 censeam3
1003 3332 1103 3394 immo
1124 3331 1205 3412 quid

217 3429 353 3491 sentiam
367 3429 393 3490 sl
407 3428 578 3492 dicendum
592 3443 647 3506 est,
661 3445 727 3490 non
739 3428 840 3490 multo
851 3444 922 3509 post
932 3426 1052 3508 Vergili
1066 3441 1204 3488 mortem

219 3543 349 3587 carmen
368 3523 520 3605 scriptum
541 3543 607 3586 esse
627 3522 734 3584 iudico
755 3536 794 3600 et,
821 3523 847 3586 si
867 3543 923 3604 per
943 3521 1111 3584 exordium
1130 3521 1204 3584 licet

219 3617 358 3699 (dequo
379 3617 450 3680 vide
471 3616 571 3696 infra),
592 3632 663 3680 ante
684 3632 820 3680 mortem
840 3618 984 3699 Augusti.
