2600 4242
233 350 272 411 28
593 345 854 393 conusnraruvs

232 529 362 610 epicum
381 529 415 591 in
434 543 538 590 satura
560 528 725 590 exordiens
745 547 827 590 nunc
841 528 922 591 milri
927 529 1040 609 paucis
1053 527 1233 593 Sarmenti

232 643 366 687 scurrae
385 634 528 706 pugnam
552 623 711 704 Messique
738 621 866 702 Cicirri,
896 623 1003 696 Musa,
1033 623 1129 685 velim
1160 646 1229 686 me-

232 739 337 782 mores
356 729 387 782 et
400 739 460 800 quo
470 728 563 800 patre
582 726 674 781 natm
686 727 815 800 uterque
827 717 992 781 contulerit
1002 716 1074 791 litis,
1095 718 1229 780 etiamsi

231 834 413 877 scurrarum
443 813 677 876 altercationem
702 813 833 874 vocibus
860 814 955 896 epicis
980 833 1134 877 exornare
1161 835 1229 878 no-

234 909 339 989 luerit3
379 908 542 972 exornavit
582 907 690 988 apium
731 927 872 988 pugnam
912 908 1068 990 Vergilius
1108 929 1228 990 georg.

231 1025 261 1085 4,
282 1007 320 1084 67
340 1025 385 1086 sq.
425 1005 569 1076 videmus
590 1001 843 1079 commemorari,
864 1017 899 1064 ut
917 1002 995 1064 haec
1016 1004 1227 1084 complectar,

232 1101 267 1160 in
292 1099 383 1161 initio
403 1099 549 1160 carminis
573 1097 687 1160 ludicri
711 1097 874 1160 materiam
897 1098 1042 1160 ordinem
1063 1099 1228 1162 elocutio-

232 1214 322 1255 nem:
353 1214 393 1255 ne
423 1193 593 1255 rhetorum·
611 1193 699 1255 locos
723 1194 893 1266 cumulem,
923 1193 994 1255 vide
1018 1193 1133 1255 Horati
1162 1211 1225 1256 art.

233 1303 316 1369 poet.
345 1289 382 1350 38
402 1309 447 1369 sq.
494 1287 605 1350 surnr'te
628 1287 833 1350 materiam
856 1287 971 1350 vestris
999 1288 1056 1370 qui
1081 1288 1227 1352 scribitzs

231 1402 368 1462 aequam
386 1381 519 1445 uiribus.
539 1417 577 1428 -
597 1382 746 1446 ordinis
765 1383 842 1445 haec
856 1382 958 1445 vr'rttes
972 1382 1036 1445 erit
1052 1403 1078 1444 e.
1095 1404 1126 1464 q.
1141 1405 1164 1446 s.
1188 1385 1225 1446 in

232 1476 360 1540 uerbis
379 1477 474 1540 etrum
494 1498 520 1539 e.
537 1498 566 1558 q.
581 1499 605 1538 s.

312 1573 485 1636 Absolutae
506 1573 677 1635 sententiae
695 1572 802 1634 nescio
816 1592 856 1633 an
870 1591 937 1633 non
950 1586 1021 1652 apte
1035 1587 1224 1635 conectatur

205 1667 306 1730 slicet
331 1667 455 1731 mutilus
480 1668 570 1732 adrr't.
621 1688 702 1750 quae
733 1669 829 1729 verba
859 1685 963 1746 neque
993 1681 1088 1747 egent
1118 1667 1224 1730 fulcro

234 1763 477 1826 constructionis
498 1779 529 1826 et
546 1764 577 1825 vi
597 1783 654 1824 sua
674 1763 714 1825 ad
728 1761 890 1843 sequentia
903 1761 1080 1840 trahuntur,
1102 1763 1223 1843 quibus

234 1858 447 1940 praesagiente
458 1858 565 1921 animo
576 1873 661 1920 vates
672 1857 873 1920 obtrectatori
883 1856 1044 1937 portendit
1053 1856 1223 1920 infamiam

205 1953 371 2032 tlfhretur
391 1973 457 2015 non
468 1955 615 2033 ferattrr)
639 1953 734 2015 simul
758 1951 895 2033 apertius
920 1951 1062 2013 indicans
1088 1972 1156 2014 non
1180 1973 1222 2014 ex

235 2047 363 2109 materia
383 2049 537 2125 carminis,
562 2048 718 2110 levissima
737 2046 855 2109 scilicet
868 2061 898 2108 et
912 2045 1067 2126 despecta,
1087 2047 1221 2109 laudem

233 2160 266 2202 se
290 2161 450 2222 quaerere,
482 2141 537 2203 sed
563 2162 601 2204 ex
625 2143 817 2204 tractatione.
867 2141 900 2202 in
927 2140 1071 2202 futurum
1089 2157 1221 2223 tempus

205 2235 403 2316 siposterius
437 2251 483 2297 ter
512 2237 631 2316 posuit,
662 2237 700 2299 cl.
735 2257 797 2316 114
833 2239 899 2316 131,
930 2236 1116 2299 adverbium
1149 2256 1221 2298 non

233 2331 403 2412 poeticum,
428 2330 484 2393 sed
509 2331 657 2394 Lucretio
682 2332 844 2412 usitatum;
876 2333 982 2395 Manil.
1004 2351 1032 2410 2,
1056 2331 1124 2410 750)
1144 2350 1220 2411 gra-

204 2438 220 2481 ’9
233 2427 322 2488 viora
341 2426 495 2507 promittit
515 2442 545 2490 et
560 2427 659 2508 magis
674 2427 843 2490 elaborata:
865 2427 984 2490 dobunt
1000 2445 1070 2489 cum
1088 2444 1220 2488 securos

232 2521 314 2584 milti
336 2531 477 2602 tempora
492 2523 630 2603 fructus.
671 2542 752 2604 quos
779 2522 867 2604 quod
891 2531 1034 2585 momros
1059 2540 1125 2581 esse
1146 2539 1218 2582 ma-

233 2617 369 2694 luerunt,
383 2617 579 2698 infregerunt
591 2616 779 2680 sententiam
794 2633 824 2680 et
837 2638 918 2700 quae
932 2618 1115 2679 insecuntur
1128 2624 1165 2676 ut
1178 2649 1215 2660 -

225 2710 390 2792 poliuntur
413 2713 507 2772 verba
531 2732 624 2774 sensu
644 2731 703 2774 suo
728 2712 943 2775 destituerunt.
984 2726 1066 2774 certe
1087 2729 1153 2772 non
1174 2712 1216 2772 ad

231 2825 342 2886 pacem
368 2806 454 2868 orbis
479 2820 632 2868 terrarum
663 2808 796 2887 pertinet
821 2808 879 2870 ista
902 2805 1059 2884 securitas,
1090 2806 1146 2866 sed
1175 2807 1216 2867 ad

231 2901 335 2981 ipsum
355 2900 437 2962 curis
456 2901 606 2975 solutum,
627 2901 743 2980 quibus
762 2921 847 2964 nunc
860 2923 892 2964 se
907 2902 979 2982 angi
999 2900 1116 2977 innuit;
1138 2919 1216 2962 curn

230 3016 310 3078 puer
322 3010 473 3076 patronus
486 2994 534 3055 vir
547 2995 646 3057 factus
660 2996 798 3076 praemia
811 2996 884 3058 artis
897 2996 1002 3078 largiri
1016 2996 1131 3078 poterit
1149 2998 1217 3058 vati

229 3110 298 3168 suo,
320 3089 422 3152 otium
442 3104 587 3171 suppetet
611 3089 803 3152 carminibus
828 3092 981 3154 curiosius
1006 3089 1214 3171 expoliendis.

188 3195 217 3240 1⁰
230 3185 492 3248 cf..Buechelerus
502 3206 532 3264 p.
545 3187 610 3248 325.
639 3186 727 3267 quod
741 3186 873 3248 traditur
885 3186 1068 3268 spoliantur,
1089 3185 1107 3247 i.
1120 3205 1146 3248 e.
1157 3207 1213 3248 ex·

225 3281 394 3362 poliuntur,
414 3282 626 3364 synaloephae
639 3300 739 3363 genus
755 3280 844 3343 Cirin
858 3302 924 3344 non
938 3282 1089 3344 dedeceat
1102 3283 1141 3360 (v.
1152 3284 1213 3362 95),

228 3379 268 3438 ab
289 3377 351 3438 hoc
371 3392 465 3458 poeta
485 3377 625 3439 alienum
646 3391 700 3438 est.
740 3376 807 3437 iure
821 3376 916 3458 igitur
929 3376 1062 3458 simplex
1075 3378 1213 3439 verbum

228 3471 430 3534 restituerunt
455 3491 521 3534 non
547 3472 614 3533 Itali
640 3486 772 3548 tantum,
797 3471 853 3534 sed
878 3471 941 3534 iam
967 3492 1045 3534 saec.
1066 3470 1140 3532 Xlll
1162 3471 1212 3533 in-

228 3565 330 3626 euntis
343 3565 497 3646 librarius,
514 3567 540 3627 si
554 3581 637 3628 recte
651 3565 893 3629 aestimaverunt
907 3565 1023 3628 codicis
1037 3566 1210 3645 Harleiani,

227 3659 283 3740 qui
297 3660 415 3722 Culicis
435 3661 560 3723 initium
574 3663 710 3741 praebet,
731 3675 872 3723 aetatem.
913 3681 1021 3724 versus
1034 3662 1210 3726 admonent
