2578 4242
483 337 529 382 AD
545 337 571 384 V.
585 349 688 395 219-232
1038 339 1075 417 75

86 521 181 599 (Hes.
203 539 255 600 op.
275 539 329 598 190
343 539 388 600 sq.
410 519 556 599 Theogn.
582 520 655 585 1137
669 520 725 599 sq.)
747 531 777 579 et
796 521 911 580 Aratus
930 517 963 580 in
984 538 1078 581 mon-

83 616 179 677 tibus
198 629 376 676 morantem
390 613 546 695 virginem
559 611 690 691 fecisset,
711 627 880 692 antequam
900 612 933 674 in
952 614 1076 677 caelum

84 710 266 787 recederet,
297 706 454 788 Vergilius
483 706 517 768 in
544 707 755 789 agricolarum
784 707 965 770 laudatione
996 707 1074 769 illud

83 804 212 884 posuit:
226 812 370 866 extrema
376 812 439 882 per
452 801 523 864 illos
533 801 657 865 Iustitia
672 803 823 866 excedens
835 802 931 866 terras
943 802 1076 882 vestz'gria

71 898 173 978 fecit.
219 898 339 960 accedit
363 897 455 959 solita
478 896 560 958 vitae
585 897 718 960 rusticae
750 918 824 961 cum
855 916 949 959 aurea
977 911 1074 958 aetate

83 992 298 1074 comparatio.
330 1012 407 1072 ergo
421 990 542 1073 poetice
557 991 689 1053 miratur
702 992 802 1070 culex,
826 1012 892 1055 non
906 991 1075 1054 extinctam

83 1107 159 1150 esse
187 1087 282 1148 fidem
306 1103 445 1148 veterem
470 1086 669 1164 rusticanam,
699 1088 754 1148 sed
782 1087 876 1149 etiam
901 1106 973 1148 rure
1001 1086 1074 1148 deas

82 1182 263 1244 recessisse.
291 1181 416 1244 Iustitia
429 1189 460 1242 et
472 1181 665 1243 Schraderus
679 1181 866 1245 emendavit.
897 1181 953 1243 sed
967 1180 1074 1243 omnia

83 1290 274 1358 pervertunt
294 1275 349 1356 qui
369 1295 428 1357 pro
448 1274 517 1339 maz·
534 1290 588 1337 aut
607 1275 671 1338 υἱεῖ
688 1292 742 1338 aut
762 1276 868 1340 nescio
890 1275 967 1356 quid
987 1276 1073 1350 aliud
1085 1288 1125 1334 aet

81 1385 274 1452 posuerunt.
315 1370 437 1432 fortiter
461 1388 640 1450 compressa
661 1371 762 1434 oratio
780 1371 910 1438 nomine
925 1372 1013 1454 quod
1027 1386 1073 1434 est

71 1468 160 1546 sata
192 1465 224 1526 in
254 1464 388 1527 alterum
418 1466 572 1528 enuntiati
600 1471 781 1530 membrum
811 1482 945 1530 retracto
972 1467 1074 1542 mani7

82 1563 203 1624 festam
224 1561 318 1622 habet
337 1561 524 1623 sententiam
545 1564 584 1624 ab
598 1562 727 1643 Heynio
748 1564 848 1644 probe
861 1577 1071 1643 perspectamt

82 1656 217 1718 alterius
252 1654 314 1716 fata
347 1655 493 1717 instantia
522 1657 601 1736 vidi,
637 1678 703 1720 non
740 1657 875 1738 respexi,
909 1675 979 1717 mea
1010 1655 1115 1728 fata:=

81 1748 223 1830 neglexi,
249 1749 352 1828 patior
377 1751 465 1828 quod
490 1753 579 1814 alteri
606 1752 791 1833 patiendum
811 1751 879 1815 luit.
911 1750 957 1832 fit
968 1759 1123 1831 poenaria

81 1843 224 1908 merenti
249 1843 268 1904 i.
291 1865 316 1906 e.
348 1846 428 1908 bene
456 1847 598 1922 merenti,
629 1846 822 1927 promerenti
851 1865 917 1907 non
948 1860 1071 1915 tantum

80 1939 187 2022 gratia
217 1958 283 2000 non
313 1939 468 2018 redditur,
503 1941 558 2004 sed
595 1939 737 2003 interitus
768 1955 902 2022 paratur.
957 1939 1096 2002 deinde*

76 2047 187 2118 poena
204 2033 248 2096 sit
266 2034 333 2094 ltali
354 2035 616 2114 emendaverunt;
641 2034 733 2098 modo
747 2069 785 2080 -
799 2034 874 2098 dam
894 2035 986 2098 multi
1005 2055 1072 2096 non
1085 2051 1126 2096 aaa

83 2129 266 2192 tolerabant
290 2127 375 2208 (dum
394 2151 422 2192 v.
438 2131 500 2209 83l3
530 2150 634 2212 neque
659 2151 745 2208 vero,
772 2130 828 2193 etsi
853 2130 909 2194 ista
934 2132 1073 2194 vocabu-

84 2226 197 2286 lorum
227 2223 363 2286 inversio
393 2223 458 2286 vim
488 2239 518 2287 et
548 2242 693 2288 naturam
721 2245 833 2287 eorum
858 2225 976 2288 violare
1005 2245 1072 2287 non

85 2318 246 2395 videatur,
276 2317 370 2380 video
401 2339 456 2380 cur
486 2323 553 2382 no'n
584 2320 730 2382 maluerit
758 2340 877 2401 ponere
899 2329 1003 2401 poena
1032 2319 1075 2381 sit

86 2412 230 2486 exitz'um,
255 2412 330 2475 dum
354 2413 397 2476 sit
420 2413 511 2476 modo
531 2425 635 2496 grata
658 2415 807 2478 voluntas.
858 2434 932 2476 nam
963 2428 1071 2495 poetas

85 2509 282 2590 syllabarum
306 2507 408 2569 simile
435 2509 617 2571 sonantium
638 2529 828 2573 concursum
848 2509 960 2570 vitasse
981 2508 1072 2569 novi-

86 2605 214 2666 ciorum
235 2602 404 2665 hominum
423 2602 587 2664 inventum
609 2619 661 2666 est.

170 2697 265 2760 Redit
289 2697 364 2759 illuc
383 2717 412 2758 v.
427 2699 493 2775 231,
521 2714 614 2779 atque
638 2698 672 2760 in
697 2699 920 2760 damnatorum
941 2697 1071 2778 quidem

87 2795 198 2856 locum
213 2792 387 2854 devehitur.
427 2793 502 2854 aazia
522 2793 671 2856 distantia
691 2793 768 2874 quid
782 2792 841 2855 sibi
855 2792 951 2854 velint
965 2808 1071 2854 osten·
1083 2810 1124 2857 aar

87 2889 134 2951 dit
154 2909 182 2948 v.
199 2891 256 2967 259
276 2885 423 2949 dt'stantt'ct
443 2886 573 2950 numina
587 2907 687 2967 cerno,
708 2888 726 2949 i.
742 2908 769 2949 e.
783 2902 913 2964 remota,
934 2887 1070 2966 diversa;

87 2983 144 3044 sed
176 2981 253 3062 quid
284 3001 360 3043 cum
392 3001 431 3043 eo
462 2982 627 3062 participio
659 2982 865 3044 coniunctum
895 2983 1071 3063 significare

87 3077 188 3158 possit
205 3075 394 3140 Cimmerios
413 3075 494 3138 inm
514 3075 598 3138 lucos
617 3097 682 3138 non
703 3090 839 3157 apparet.
880 3077 1071 3139 Cimmerios

87 3173 179 3235 lucos
203 3192 269 3233 non
292 3171 395 3252 potuit
420 3171 591 3232 collocatos
622 3171 764 3233 arbitrari
794 3170 853 3232 nisi
882 3171 915 3232 in
940 3171 1070 3232 introitu

88 3267 274 3346 inferorum,
299 3266 379 3328 inter
406 3285 441 3326 ea
467 3265 580 3327 distare
607 3267 705 3346 spatia
725 3265 849 3326 Tartari
875 3285 941 3326 non
967 3265 1071 3346 potuit

88 3362 206 3438 dicere;
242 3361 348 3423 nescio
382 3382 422 3423 an
456 3360 567 3423 dixerit
597 3361 728 3423 Tartara
761 3360 850 3439 infra
880 3360 1070 3422 Cimmerios

88 3456 177 3518 lucos
202 3471 333 3534 remota,
359 3470 399 3517 ut
423 3456 580 3536 ingressus
605 3456 722 3517 inferos
742 3455 833 3516 culex
854 3455 1004 3516 deorsum
1025 3455 1070 3516 l-

87 3565 182 3612 ratur.
223 3571 241 3612 a
261 3550 382 3631 Vergili
402 3551 612 3632 descriptione
633 3566 827 3631 quantopere
848 3550 969 3612 differat
989 3551 1070 3613 infra

88 3646 239 3724 dicemus,
264 3646 319 3707 sed
340 3646 417 3726 quin
439 3666 508 3707 eam
529 3647 652 3710 noverit
673 3666 739 3708 non
759 3646 817 3710 erit
837 3647 987 3724 dubium;
1017 3647 1069 3708 ille
