2600 4242
497 352 541 396 AD
557 352 583 396 V.
596 365 675 408 42-57
1041 356 1076 433 37

93 532 254 612 dispersae
275 533 417 614 gramina
441 549 471 596 et
492 533 619 594 frutices
639 536 815 613 carpebant,
842 554 974 615 quarum
997 555 1077 596 non-

92 627 199 688 nullas
215 625 352 706 pendere
366 626 483 706 procul
498 628 536 690 de
556 638 633 709 rupe
652 628 778 691 videbat
796 629 899 710 (Verg.
915 631 970 692 ecl.
991 652 1013 702 1,
1029 631 1076 710 76)

91 722 161 783 sive
181 721 323 794 troarne,
349 737 384 782 ut
409 721 547 785 Senecae
573 723 783 805 Hippolytum
813 725 845 786 in
870 725 971 787 nivosi
992 724 1078 788 collis

91 817 276 879 nanentem
305 816 390 896 nagt's
417 819 508 898 sequi
535 819 697 881 Phaedrae
728 819 828 898 placet
858 822 902 897 (v.
927 821 1012 897 233),
1043 836 1078 881 ut

92 912 207 974 eadem
227 913 399 972 verborum
419 927 573 976 structura
594 914 736 993 Oedipus
758 913 893 975 haerebo
913 913 961 976 od
981 914 1077 994 igme,

93 1007 185 1088 quod
206 1006 281 1067 item
301 1008 464 1088 temptavit
484 1009 691 1090 interpolator
706 1008 837 1086 (Phoen.
857 1011 928 1087 112).
970 1011 1078 1072 haere-

92 1105 171 1163 bant
191 1101 288 1181 igitur
306 1101 355 1164 nd
368 1113 501 1184 scrupea
520 1123 608 1175 cava,
629 1101 769 1165 desertas
790 1113 898 1184 rupes;
929 1104 1077 1166 audacius

92 1198 189 1258 etiam
215 1196 353 1277 loquitur
378 1216 474 1276 quam
500 1197 657 1278 Vergilius
678 1200 734 1260 ecl.
756 1219 783 1278 2,
806 1201 822 1261 3
851 1199 932 1262 r'nter
957 1199 1077 1277 densas,

92 1291 245 1354 umbroso
265 1292 436 1370 cacumina,
447 1293 557 1374 fagos,
583 1313 610 1372 9,
631 1313 650 1372 9
673 1303 799 1366 veteres,
818 1294 883 1356 ram
893 1295 1008 1373 fracta
1028 1313 1076 1355 ca·

92 1388 229 1460 cumino,
235 1388 347 1468 sagos,
368 1387 457 1449 cuius
471 1387 636 1449 audaciam
649 1387 758 1450 leviter
770 1389 920 1451 inflexam
933 1389 1077 1451 videmus

91 1502 110 1543 a
133 1483 332 1558 Quintiliano
358 1484 396 1562 (8,
417 1484 444 1560 6,
465 1484 515 1563 46)
541 1499 571 1544 et
591 1482 738 1563 deinceps
763 1483 796 1544 in
821 1483 992 1546 codicibus.
1032 1483 1076 1544 sic

91 1577 279 1657 Propertius
291 1599 320 1656 4,
344 1599 367 1652 r,
386 1597 418 1638 12
431 1577 556 1658 pellitos
568 1576 684 1651 habuit,
706 1580 824 1642 rustica
837 1577 942 1654 cordo,
955 1587 1076 1658 patres,

90 1671 137 1733 sic
164 1671 245 1733 infra
264 1693 291 1732 v.
318 1673 491 1752 134qzusm
515 1671 751 1748 comitabantur,
772 1674 896 1754 fatalia
921 1673 1075 1746 carmina,

90 1787 235 1847 quercus,
249 1767 391 1846 sequitur
406 1766 490 1828 enim
504 1764 577 1827 illas
590 1787 618 1827 ν.
631 1768 692 1828 136.
714 1768 763 1830 isti
778 1783 898 1848 partem
913 1784 1076 1850 apponunt

89 1862 161 1940 toti,
175 1862 238 1923 illic
251 1866 319 1925 v.51
335 1861 453 1922 accedit
467 1876 570 1922 totum
581 1862 670 1942 parti,
685 1864 764 1925 ratio
775 1863 944 1925 locutionis
955 1862 1074 1924 eadem.

90 1957 299 2019 consimiliter
324 1957 472 2018 Dirarum
497 1973 589 2037 poeta
619 1957 724 2037 posuit
748 1978 776 2018 v.
798 1979 832 2019 ro
861 1977 915 2021 nec
935 1955 1076 2036 ficnndo

88 2051 175 2115 senis
194 2051 300 2123 nostri,
316 2051 430 2130 felt'et'ee
455 2072 547 2129 rura,
571 2051 692 2114 semina
704 2052 895 2133 parturiant
910 2062 1027 2134 segetes
1046 2067 1076 2113 et

91 2148 149 2228 qui
164 2146 223 2207 illis
239 2145 339 2207 facem
357 2147 503 2226 praetulit
519 2147 663 2209 Catullus
677 2149 724 2226 64
744 2149 797 2227 184
809 2158 979 2228 praeterea
992 2147 1076 2210 nullo

91 2243 175 2314 litus,
196 2240 264 2303 sola
283 2240 396 2314 insula,
416 2251 497 2304 tecto.
520 2241 557 2303 cl.
579 2242 792 2305 Buechelerus
813 2263 841 2324 p.
860 2245 924 2321 326,
946 2244 1000 2324 qui
1021 2244 1076 2305 ad—

92 2338 140 2400 dit
171 2337 290 2398 Lucani
312 2338 339 2415 3,
363 2341 418 2418 295
449 2358 544 2418 usqne
572 2337 783 2400 Paraetonias
811 2339 881 2422 an
910 2339 957 2400 aa¹
982 2339 1076 2401 litora

92 2433 212 2509 Syrtes.
252 2435 347 2495 verba
372 2433 538 2496 collocavit
563 2452 627 2513 quo
659 2433 791 2495 artificio
816 2434 848 2494 in
871 2435 966 2495 simili
986 2435 1075 2496 locu·

90 2529 180 2591 tione
203 2526 358 2608 Vergilius
380 2529 435 2590 ecl.
459 2532 484 2606 5,
505 2547 538 2606 71
562 2527 638 2589 vina
657 2548 770 2590 novum
781 2528 922 2608 fiendam
943 2529 1075 2592 cokttnr's

91 2622 229 2686 Arenata
248 2631 364 2683 nectar.
386 2657 423 2666 -
444 2643 472 2682 v.
489 2625 524 2684 55
546 2625 584 2685 ab
607 2621 688 2684 ltalis
709 2623 901 2685 emendatus.
1088 2643 1113 2684 nr

173 2716 341 2778 Clauditur
360 2718 449 2778 locus
470 2716 555 2777 bello
578 2717 733 2778 versiculo
759 2720 819 2796 (57)
850 2739 946 2799 quem
977 2739 1016 2781 ne
1047 2719 1075 2782 ei
1088 2739 1114 2782 st

92 2813 225 2896 quidem
246 2811 469 2892 intellegebant
490 2812 544 2892 qui
564 2811 716 2874 intactum
731 2813 938 2893 reliquerunt;
960 2834 1075 2895 nempe

93 2910 197 2972 rivum
220 2907 414 2989 praestantis
438 2906 589 2987 imaginis
618 2907 775 2970 undamve
807 2909 868 2971 dici
893 2930 958 2972 non
984 2930 1075 2990 posse

92 3019 235 3085 apparet,
271 3003 391 3064 etiamsi
423 3001 605 3082 Propertius
629 3002 796 3080 formosas
828 3004 930 3066 undas
964 3005 1075 3066 dixerit

93 3103 131 3178 (v.
155 3100 183 3176 i,
205 3098 382 3161 Meinekius
406 3097 446 3158 ad
467 3097 590 3159 Callim.
613 3116 642 3177 p.
658 3098 739 3177 264):
769 3097 843 3159 inde
868 3102 977 3162 turbae
1004 3114 1082 3179 post

94 3196 300 3275 Scaligerum.
356 3191 433 3272 quid
454 3207 547 3273 poeta
567 3192 626 3252 sibi
646 3192 781 3254 voluerit
805 3193 922 3255 videbit
952 3195 976 3254 si
1004 3195 1074 3273 quis

94 3288 248 3369 capellam
269 3287 332 3350 iam
351 3287 415 3348 iam
434 3287 594 3349 bibentem
615 3308 651 3348 ac
671 3287 739 3349 rivo
753 3287 972 3350 imminentem
993 3289 1074 3368 aspi—

94 3383 169 3459 ciet;
193 3381 270 3443 disci
291 3397 393 3461 potest
411 3403 448 3444 ex
463 3383 591 3462 picturis
606 3382 807 3462 Pompeianis
828 3403 909 3463 quae
930 3383 1074 3463 regiones

95 3494 260 3540 montanas
286 3497 358 3538 cum
387 3478 536 3557 gregibus
560 3478 624 3539 suis
654 3477 834 3556 ostendunt,
864 3480 972 3558 quales
1002 3495 1074 3540 sunt

94 3575 249 3636 iudicium
280 3573 399 3634 Paridis
430 3573 568 3654 (Helbigi
599 3573 686 3633 catal.
721 3573 813 3634 1283b
842 3576 902 3634 tab.
929 3574 1012 3650 XVI)
1045 3590 1074 3636 et

95 3669 264 3732 Actaeonis
278 3669 468 3749 supplicium
483 3670 549 3746 (252
564 3670 624 3729 tab.
637 3667 733 3746 v111);
752 3669 922 3749 utrubique
937 3670 1073 3750 capellae
