2600 4242
228 311 263 372 32
585 306 845 354 COMMENTARIVS

228 489 310 552 culta
332 488 411 561 dici',
430 504 466 550 ut
485 487 528 549 ait
547 486 695 566 Silligius,
714 505 826 548 verum
847 502 983 565 nonest,
1004 486 1042 548 cf.
1058 507 1170 569 georg.
1187 508 1220 565 2,

230 605 266 664 14
285 604 343 665 sq.;
369 582 467 647 cultus
485 601 648 644 minorum
672 596 707 643 ut
727 580 826 644 cultus
849 581 986 644 locorum
1007 582 1123 646 Statius
1143 582 1217 644 silv.

226 699 253 759 2,
275 699 302 757 2,
322 699 376 758 413
408 679 434 757 3,
461 682 487 756 5,
508 679 559 757 89;
590 695 694 756 neque
725 675 758 737 in
789 676 906 756 campis
935 692 1060 740 tantum
1081 679 1217 741 arbores

226 775 382 838 coluntur.
428 775 483 836 sed
512 773 566 853 qui
592 790 725 834 nemora
750 771 831 832 inter
856 772 1025 836 hominum
1049 773 1220 835 domicilia

225 871 282 934 sita
308 869 489 949 intellegere
515 867 711 944 dubitabant,
735 866 803 927 iure
832 866 1025 945 dubitabant,
1050 869 1213 949 siquidem

226 966 302 1028 deae
315 964 447 1026 tutelam
461 963 520 1024 sibi
535 962 651 1043 expetit
665 977 767 1043 poeta.
809 962 989 1024 ‘nemorum
1009 964 1111 1025 cultus
1126 983 1219 1026 nove·

226 1076 256 1122 et
280 1061 428 1122 audacter
452 1058 567 1136 scribit,
599 1057 673 1138 quia
703 1057 766 1118 iam
797 1055 906 1118 tritunt
936 1072 1000 1118 erat
1026 1057 1130 1120 cultor
1154 1079 1219 1120 ne-

225 1154 361 1216 morum'
376 1154 602 1227 Buechelerus;
622 1168 716 1232 atque
736 1152 799 1213 hoc
817 1150 908 1213 illum
921 1152 1058 1214 voluisse
1073 1173 1219 1233 sequens

186 1264 212 1310 aa
225 1269 332 1311 versus
347 1250 543 1329 comprobat,
556 1246 613 1309 ubi
626 1245 715 1328 quod
729 1244 803 1307 dicit
814 1254 843 1306 te
855 1245 982 1309 cultrice
994 1267 1097 1328 vagus
1109 1247 1216 1309 salnes

214 1344 313 1424 ferar
332 1343 413 1405 t'nter
432 1352 463 1405 et
480 1351 576 1405 antra
595 1343 679 1420 (nam
697 1350 788 1403 astra
801 1339 947 1422 Heynius
962 1342 1116 1420 correxit),
1138 1342 1218 1403 loca

223 1438 340 1499 inculta
360 1437 477 1499 indicat
497 1457 577 1518 quae
598 1451 720 1499 tantum
741 1436 832 1498 Pales
858 1435 953 1514 colat,
977 1452 1012 1499 ut
1033 1456 1113 1518 quae
1136 1452 1213 1517 apta

222 1532 284 1594 sint
304 1532 467 1612 pascendis
487 1531 655 1613 pecoribus
671 1547 794 1594 tantum
816 1529 864 1608 (cf.
876 1530 968 1593 Lucr.
986 1535 1011 1610 5,
1026 1533 1093 1611 955.
1113 1531 1210 1610 1386).

223 1628 275 1690 illa
300 1627 395 1708 igitur
420 1647 500 1708 quos
527 1627 601 1689 colit
628 1627 733 1705 saltus,
763 1646 803 1688 ne
830 1626 896 1707 ipse
917 1626 1046 1706 quidem
1073 1626 1215 1688 timebit.

225 1733 252 1786 te
277 1722 403 1785 ardeia
431 1722 510 1785 dixit
539 1738 575 1785 ut
598 1721 755 1802 Vergilius
785 1731 887 1783 mater
917 1721 1035 1784 cultrix
1066 1720 1216 1803 Cybelae,

225 1839 388 1882 nemorum
407 1817 524 1881 cultata
543 1816 678 1880 Latonia
702 1815 794 1897 virga
820 1816 993 1892 (Phaedrus
1015 1836 1042 1894 2,
1064 1835 1094 1895 4,
1117 1817 1133 1877 3
1155 1836 1215 1878 sus

224 1913 362 1976 nemoris
392 1913 533 1992 cultata),
569 1899 624 1974 sed
656 1910 785 1973 audacia
814 1910 984 1973 locutionis
1014 1931 1082 1974 non
1115 1910 1214 1972 illum

225 2007 378 2088 aequavit,
399 2009 455 2070 sed
468 2007 641 2083 Catullum,
655 2004 711 2086 qui
723 2004 800 2067 item
814 2025 965 2068 nomena
978 2005 1126 2087 genetivo
1141 2025 1215 2068 non

225 2102 387 2182 suspendit
406 2103 454 2180 64,
474 2121 531 2180 299
561 2099 645 2162 caelo
675 2109 702 2161 te
726 2098 835 2173 solum,
867 2099 998 2173 Phoebe,
1029 2099 1212 2180 relinquens

223 2196 452 2276 unigenamque
468 2193 567 2257 simul
581 2193 739 2256 cultricem
752 2193 905 2256 mantibus
919 2193 998 2257 Idri.
1013 2230 1051 2240 —
1067 2194 1215 2256 Grattius

225 2295 334 2372 cyneg.
355 2291 393 2370 69
418 2290 575 2369 cultorque
590 2287 664 2369 feri
692 2287 873 2369 Tirynthius
895 2289 982 2352 arbit
1011 2290 1060 2368 (cl.
1079 2290 1127 2368 38)
1160 2290 1214 2351 in—

224 2386 343 2466 tellegit
363 2405 437 2448 eum
458 2384 514 2466 qui
534 2386 646 2446 orbem
668 2384 788 2446 cultum
809 2383 925 2446 fecerit.

303 2480 368 2542 lam
393 2479 432 2542 ad
458 2494 629 2560 patronum
654 2499 687 2541 se
713 2481 865 2542 convertit
885 2501 913 2541 v.
931 2497 970 2557 24
996 2497 1145 2559 eumque,
1173 2495 1213 2541 ut

185 2585 211 2630 25
226 2574 277 2635 alii
308 2575 384 2637 deos
415 2575 548 2655 aspirare
580 2574 668 2654 quasi
693 2589 803 2636 ventos
830 2574 917 2653 velis,
947 2575 990 2637 sic
1018 2573 1107 2655 quasi
1134 2575 1211 2636 navi

226 2669 319 2730 maris
344 2670 464 2731 undant
489 2668 593 2731 adlabi
618 2669 749 2731 carmini
774 2690 833 2731 suo
859 2669 958 2748 iubet;
991 2689 1086 2750 quem
1118 2670 1213 2748 quod

184 2781 210 2826 u
224 2763 348 2825 adfatur
368 2773 400 2825 tu
419 2764 473 2826 cui
488 2763 610 2827 meritis
630 2764 733 2827 oritur
745 2764 869 2845 fiducia
883 2764 1011 2838 chartis,
1032 2783 1098 2826 non
1112 2763 1212 2826 credo

224 2873 350 2938 poetam
372 2858 484 2937 dicere,
515 2873 651 2939 patrono
676 2879 776 2940 puero
797 2860 987 2940 scriptorum
1007 2859 1120 2921 merito
1141 2858 1211 2920 iam

223 2955 262 3014 ab
289 2952 355 3014 aliis
380 2952 528 3015 fiduciam
557 2953 679 3031 haberi;
710 2973 806 3036 quam
837 2974 933 3016 unam
961 2953 1209 3035 explicationem

223 3048 335 3111 tradita
364 3050 460 3109 verba
488 3049 667 3112 admittunt.
718 3049 820 3110 art'tta
837 3048 962 3129 fiducia
985 3047 1106 3111 cleartis
1130 3047 1213 3128 ipsis

223 3143 340 3206 scilicet
353 3162 434 3226 quae
449 3162 576 3205 carmen
590 3144 754 3226 recipiunt,
764 3143 904 3224 paginae
917 3143 1075 3224 sequentis
1086 3163 1209 3205 versus.

223 3238 338 3300 fiducia
365 3254 471 3301 autem
497 3239 529 3301 in
555 3241 616 3302 hoc
641 3258 748 3300 rerum
774 3257 896 3300 conexu
927 3239 984 3301 niti
1009 3257 1075 3299 non
1101 3252 1210 3318 potest

223 3334 283 3395 nisi
304 3334 411 3396 favore
431 3334 563 3416 patroni.
604 3333 762 3414 Vergilius
783 3353 890 3414 georg.
911 3334 938 3412 3,
958 3353 996 3413 42
1017 3343 1046 3395 te
1067 3331 1136 3395 sine
1155 3332 1213 3395 nil

223 3427 321 3490 altum
341 3449 429 3492 mens
447 3428 578 3502 incolent,
600 3428 655 3490 ubi
669 3429 810 3490 Servius:
830 3449 891 3490 nate
911 3448 978 3490 meo
998 3427 1129 3509 ingenio,
1150 3427 1213 3490 sea'

224 3530 274 3582 tuo
284 3522 394 3600 fretus
419 3523 550 3604 imperio
576 3522 624 3584 ad
641 3523 699 3585 leae
723 3543 850 3586 carmen
876 3522 998 3601 accessi,
1029 3523 1143 3585 Cicero
1164 3523 1209 3584 ad

223 3616 365 3676 Atticum
387 3636 414 3695 7,
436 3635 463 3692 2,
482 3635 503 3694 4
527 3617 559 3678 in
580 3617 620 3678 iit
644 3617 735 3680 libris
754 3637 830 3698 quos
850 3627 882 3679 tu
905 3617 1063 3682 laudando
1083 3619 1207 3682 anianae
