2578 4242
489 303 534 349 AD
550 304 578 348 V·
592 317 697 363 399-414
1029 329 1077 370 111

99 487 250 549 Lucretio
272 488 309 564 (ι,
334 486 402 564 163;
433 505 459 564 2,
485 487 558 566 1089
583 503 613 551 et
634 499 744 568 quater
767 486 799 548 in
820 487 946 568 quinto;
977 507 1004 566 2,
1025 489 1078 550 821

97 601 189 644 omne
203 600 307 662 genus
321 580 456 660 perfiesa
475 579 628 644 coloribus
648 582 680 643 in
694 601 813 662 genere
825 581 920 660 omne)
941 582 1081 663 Vergilio

98 678 220 758 (georg.
235 695 263 752 a,
278 695 330 753 20;
352 676 379 752 3,
391 675 451 754 480
463 679 542 737 Aen.
554 677 582 753 8,
596 677 663 754 628)
680 675 756 749 aliis,
772 675 809 737 cf.
822 675 914 738 Ovid.
926 675 992 738 fast.
1003 695 1032 755 4,
1043 697 1083 756 94

98 786 131 832 et
146 792 193 851 99.
234 770 311 832 alter
331 789 427 849 quem
447 769 680 850 expediendum
701 769 764 830 dixi
784 784 877 833 restat
897 790 1003 833 versus
1023 772 1081 850 408
1094 782 1134 826 4⁰ss

98 865 152 927 cui
167 863 279 946 gloria
288 865 422 944 formae
445 864 518 945 igne
545 863 726 945 Cupidineo·
732 865 884 945 proprios
907 864 1032 928 exarsit
1049 865 1082 928 in

97 969 198 1032 artus,
219 959 252 1020 in
273 978 338 1039 quo
358 979 424 1021 non
445 958 636 1040 intellegitur
656 959 710 1040 qui
729 960 778 1021 vel
792 959 894 1040 gloria
913 959 964 1021 vel
983 959 1081 1040 gratia

98 1055 220 1116 formae
241 1054 274 1115 in
294 1069 388 1132 artus,
413 1053 431 1114 i.
453 1073 482 1115 e.
499 1054 681 1135 pulcritudo
706 1053 740 1114 in
759 1053 1007 1134 pulcritudinem
1027 1075 1081 1115 ex-

97 1149 208 1210 ardere
239 1149 350 1229 possit;
383 1169 458 1210 nam
481 1145 593 1230 gloria
614 1148 747 1227 formae
777 1148 810 1209 in
839 1149 898 1211 hac
928 1148 1080 1211 enuntiati

96 1243 202 1324 specie
216 1243 369 1324 significat
382 1244 519 1307 formam
534 1243 715 1324 gloriosam.
750 1244 904 1305 mendum
917 1243 1079 1306 sustulisse

96 1337 177 1399 mihi
197 1338 307 1402 videor
326 1339 390 1402 leni
411 1352 601 1401 correctura:
631 1337 693 1417 qui,
712 1337 825 1420 gloria
838 1339 980 1418 formae,
1007 1339 1080 1419 igne

100 1431 271 1514 Cupidineo
279 1434 427 1515 proprias
439 1432 565 1496 exarsit
575 1431 608 1494 in
621 1440 720 1506 artua,
736 1433 824 1495 cuius
841 1433 959 1514 figurae
974 1453 1082 1496 exem-

95 1528 150 1608 pla
170 1528 196 1588 si
216 1528 317 1591 afferri
338 1547 418 1609 opus
442 1543 497 1614 est7
528 1527 565 1589 cf.
588 1527 688 1589 Gratti
712 1548 780 1608 eyn.
802 1530 859 1590 256
889 1527 972 1591 thoes
1000 1548 1079 1590 com-

94 1621 217 1695 missos,
238 1621 417 1686 clarissima
426 1624 536 1703 fama,
557 1621 712 1684 leones-
727 1621 881 1685 domuere.
921 1622 954 1684 in
975 1622 1150 1692 frontettasq

95 1717 213 1779 tumuli
234 1718 288 1799 qui
309 1718 483 1780 collocatur
502 1717 610 1779 titulus
636 1717 668 1778 in
689 1716 750 1778 vita
771 1716 889 1798 Vergili
910 1716 1027 1778 Donati
1048 1732 1079 1779 et

96 1812 224 1874 Phocae
245 1811 394 1892 repetitur
414 1812 500 1873 nulla
520 1811 664 1874 lectionis
679 1812 835 1874 varietate.
876 1811 1078 1892 coniungitur

94 1926 164 1967 non
184 1904 245 1968 tale
264 1907 398 1969 merenti
416 1907 471 1969 sed
497 1906 555 1969 tibi
571 1905 704 1969 merenti
725 1905 831 1969 reddit
846 1905 908 1969 tale
927 1905 1076 1986 officium.

94 2001 201 2081 itaque
233 2021 291 2063 nos
322 2021 451 2083 quoque
483 2001 642 2080 Culicem,
677 2016 845 2082 postquam
878 1999 1013 2063 merenti
1043 2016 1077 2063 ut

95 2110 244 2177 putamus
265 2096 370 2158 debita
390 2096 470 2158 iusta
490 2096 632 2175 fecimus,
652 2097 755 2158 valere
775 2095 950 2158 iubeamus.
