2600 4242
510 347 554 392 no
571 346 596 392 ν.
609 347 688 400 s7-as
1052 351 1090 430 43

108 529 217 590 minus
243 527 361 589 factum
390 543 435 589 est
460 542 495 588 ut
519 543 587 590 toto
618 530 696 589 orbe
727 528 778 589 hic
810 529 887 590 cinis
916 530 1008 593 altior
1037 532 1092 594 sit?

107 624 186 686 item
216 625 388 684 verborum
419 623 586 686 collocatio
614 622 715 684 effecit
745 639 780 684 ut
806 644 834 684 v.
849 624 888 686 80
918 645 983 688 non
1010 643 1092 688 recte
1106 647 1132 692 ao

108 718 306 780 intellectum
336 717 376 779 sit
405 724 504 778 mente
528 716 645 798 procul
662 727 760 797 pura,
794 717 849 778 ubi
878 729 977 782 mente
1006 731 1094 802 pura

107 813 159 893 (cf.
174 813 268 876 Lucr.
282 814 308 890 5,
333 813 375 874 18.
395 813 449 891 433
470 829 584 891 nempe
603 811 759 891 Epicurus
778 813 926 876 nerana
941 817 1097 898 purgavit

102 917 235 990 pectora
259 906 364 980 de'ctem
389 926 418 968 v.
439 906 458 966 i.
483 905 531 984 89)
555 925 706 988 sensaque
723 906 889 987 probanda
915 910 1093 988 (probando

108 1003 227 1065 scilicet
258 1001 347 1083 quod
376 1015 460 1064 recta
488 999 643 1080 simplicia
673 1021 746 1064 vera
775 1018 888 1083 sponte
919 1003 1022 1083 eligat,
1053 1006 1092 1066 de

107 1117 202 1160 sensu
229 1097 267 1159 cf.
294 1096 436 1159 Caesaris
465 1097 560 1158 verba
589 1097 674 1176 apud
699 1096 888 1158 Ciceronem
915 1097 955 1158 ad
980 1102 1042 1160 Att.
1064 1120 1092 1178 9,

113 1192 158 1268 16,
185 1193 201 1254 3
227 1200 314 1254 tanta
338 1190 405 1253 eius
429 1190 619 1264 hunanitas,
648 1191 816 1268 issensus,
846 1211 884 1254 ea
914 1191 946 1254 in
975 1212 1025 1254 me
1049 1203 1096 1255 est

108 1284 327 1364 benevolentia)
348 1300 413 1346 arte
431 1285 608 1364 cohaerent,
623 1285 741 1368 procul
756 1285 975 1366 interpositum
995 1288 1093 1369 signi·

108 1382 182 1444 ficat
202 1381 315 1461 procul
335 1380 485 1461 positum,
507 1394 541 1442 ut
562 1381 683 1444 divitias
708 1401 748 1443 ne
769 1399 939 1461 agnoscere
960 1383 1091 1464 quidem

106 1475 261 1557 potuerit,
297 1477 377 1538 bene
407 1475 507 1538 latens
537 1476 617 1536 bene
651 1475 761 1537 vixerit
794 1475 846 1553 (cf.
878 1477 1092 1542 Buechelerus

107 1590 139 1652 p.
156 1571 236 1647 326):
255 1569 300 1634 sic
320 1568 436 1632 scilicet
457 1569 522 1632 duo
542 1569 699 1631 vocabula
718 1569 752 1630 in
765 1569 869 1633 vicem
888 1591 921 1634 se
942 1586 1090 1635 tutantur.

107 1666 144 1728 fit
174 1680 280 1726 autem
305 1665 426 1727 rusticis
456 1666 504 1743 (81
523 1666 584 1745 sq.)
615 1665 703 1744 quod
733 1665 773 1726 ad
804 1678 947 1745 optatum
978 1685 1091 1728 aevum
1105 1686 1130 1730 at

106 1760 257 1822 Tibullus
278 1760 385 1822 refert:
415 1769 480 1822 trem
504 1759 585 1822 milei
605 1759 670 1822 ve'ta
681 1760 779 1838 foret,
799 1759 894 1841 vulgra
913 1779 969 1822 nec
987 1760 1092 1823 tristea

106 1873 229 1917 nossem
259 1855 311 1932 (cf.
342 1855 473 1942 agnovit
498 1857 583 1935 apes)
612 1874 709 1916 arena
739 1875 764 1916 e.
790 1875 818 1935 q.
849 1876 883 1927 s.‚
913 1855 952 1916 cf.
983 1875 1089 1935 georg.

108 1970 136 2028 2,
170 1951 234 2029 539.
292 1950 406 2012 deinde
441 1949 624 2013 exuviarum
655 1965 685 2010 et
722 1948 901 2011 divitiarum
934 1967 1024 2012 amor
1057 1964 1170 2011 utsaae

106 2046 339 2108 discerneretur
365 2046 413 2124 (cf.
439 2045 512 2107 Tib.
538 2067 560 2123 1,
587 2066 609 2122 1,
633 2064 673 2124 49
694 2060 724 2106 et
747 2045 803 2122 54),
828 2044 1000 2106 necessaria
1028 2059 1093 2107 erat

106 2141 222 2204 Bembi
242 2141 421 2203 emendatio
443 2140 500 2204 ael.
552 2141 589 2202 cf.
611 2143 690 2202 Aen.
713 2161 755 2218 11,
776 2140 833 2217 778
863 2139 929 2202 sive
958 2149 994 2202 ut
1020 2149 1091 2202 tem-

101 2235 170 2317 plis
182 2235 381 2318 praefigeret
397 2255 494 2297 arata
519 2233 625 2308 Traia,
652 2235 771 2316 captma
794 2234 860 2298 sive
882 2244 919 2298 ut
940 2256 974 2297 se
984 2235 1096 2313 ferret

106 2331 141 2394 in
171 2351 260 2393 aura.
314 2330 354 2392 ad
383 2329 440 2391 ista
470 2329 581 2404 (dum)
614 2339 734 2392 evectus
758 2329 860 2411 finem
893 2328 1095 2391 transcendat

106 2425 247 2489 habendi
264 2426 302 2488 cf.
323 2446 350 2487 v.
374 2426 439 2504 341.
479 2425 524 2486 ibi
550 2441 584 2486 ut
610 2425 736 2487 Lucreti
761 2443 938 2487 memorem
964 2440 1092 2504 poetam

108 2522 205 2584 fuisse
219 2520 405 2597 videbimus,
426 2520 468 2582 ita
482 2518 533 2581 hic
547 2534 653 2601 aperte
666 2518 791 2599 respicit
805 2519 947 2581 eiusdem
970 2522 995 2596 5,
1021 2521 1094 2598 1430

105 2636 187 2698 erga
215 2615 376 2678 hamanum
402 2633 506 2696 genus
535 2613 567 2676 in
598 2633 720 2677 cassum
744 2613 938 2694 freestraque
970 2612 1097 2676 laborat

105 2721 231 2792 semper
250 2720 282 2773 et
298 2711 331 2773 in
351 2709 436 2772 cure's
455 2709 607 2773 consumit
616 2708 764 2772 inanimes
776 2729 895 2782 aenam
915 2708 952 2771 ni
964 2709 1092 2782 mirum,

105 2805 185 2888 qnia
204 2826 264 2868 nan
278 2804 421 2886 cognovit
437 2824 518 2885 qnae
536 2805 580 2868 sit
595 2803 734 2868 habendi
741 2803 823 2886 finis
842 2814 874 2866 et
890 2805 1014 2866 omnino
1033 2825 1092 2886 qua

106 2901 288 2964 adcrescat
303 2921 382 2964 vera
395 2899 544 2979 valuptas,
566 2899 603 2962 cf.
620 2901 646 2976 3,
663 2902 698 2978 59
719 2898 872 2961 avarities
891 2908 923 2961 et
939 2898 1092 2962 honarum

106 3016 202 3059 caeca
221 2995 339 3077 capella,
354 3015 435 3076 quae
452 2994 584 3057 miseras
597 2993 736 3057 hammes
749 3003 864 3074 cogant
873 2992 1092 3056 transcendere

98 3091 188 3172 fines
212 3092 293 3154 iuris
317 3101 410 3154 et-
434 3088 494 3152 niti
517 3124 552 3134 -
579 3087 627 3150 ad
650 3108 792 3150 summas
820 3108 982 3169 emergere
1011 3099 1089 3168 apes.

108 3207 137 3247 v.
154 3186 191 3247 88
205 3185 313 3248 herbis
331 3186 399 3247 leve
418 3183 571 3246 mendum
587 3182 653 3244 Itali
673 3198 869 3260 sanaverunt,
893 3181 1091 3246 narrantibus
1103 3201 1168 3246 stas

107 3282 174 3343 vim
200 3281 296 3343 medii
322 3279 445 3361 generis
476 3280 570 3341 habet
600 3292 634 3338 ut
663 3297 756 3358 saepe
782 3277 816 3338 fit
841 3277 873 3339 in
897 3278 959 3339 hoc
982 3280 1089 3356 verba,

107 3375 146 3438 cf.
167 3376 219 3437 163
233 3373 359 3438 volvem
383 3376 434 3454 195
448 3372 601 3436 volventia
615 3371 767 3450 membra,
788 3391 846 3452 204
865 3370 1090 3452 dnplt'cantibus

106 3468 239 3532 umbris.
275 3467 442 3532 Panchaia
461 3477 535 3530 tura
556 3482 590 3529 ut
603 3466 743 3548 positum
757 3481 803 3528 est
815 3466 970 3546 significat
990 3467 1090 3547 ‘quasi

108 3563 267 3626 Panchaia
285 3564 374 3642 tura',
391 3563 462 3629 ἀντὶ
476 3563 599 3647 μύρων,
614 3582 654 3623 ne
664 3575 771 3623 tamen
781 3576 925 3641 expectes
926 3560 1088 3642 fragran-

106 3659 189 3722 tr'bus
210 3659 258 3737 (cf.
274 3659 311 3721 R.
326 3659 473 3738 Ungerus
487 3657 520 3719 in
534 3657 657 3736 ephem.
672 3655 781 3736 philol.
800 3656 935 3718 Londin.
954 3656 997 3732 16,
1013 3657 1089 3736 315),
