2578 4242
225 347 263 409 80
583 339 842 388 cornmurmuvs

225 545 291 588 non
312 523 419 586 addito
441 543 506 604 quo
527 523 727 604 intellegatur
746 541 816 584 eam
835 524 945 584 turbae
960 522 1094 585 alicuius
1108 522 1215 603 agmi-

224 620 310 682 nisve
331 635 452 699 partem
474 621 556 680 esse?
586 616 706 680 accedit
731 633 766 678 ut
790 616 858 678 ram
877 637 904 678 v.
926 619 993 691 251,
1019 617 1109 697 quod
1139 614 1214 679 dico

224 715 261 780 rb
282 713 419 795 εὔλογον
443 729 577 788 secutus,
598 732 664 774 non
684 711 784 774 sciens
805 728 859 773 aut
877 711 1004 789 docens,
1025 711 1214 792 anaphoras

224 809 359 890 figuram
379 808 503 870 indicet.
544 806 749 868 haecomnia
771 825 810 868 eo
831 807 1009 886 perducunt
1028 821 1064 868 ut
1087 806 1214 888 aliquid

224 919 295 986 post
308 925 336 965 v.
348 905 405 982 248
419 901 610 964 intercidisse
623 915 804 979 statuamus,
822 903 911 963 cuius
924 901 1061 964 iacturae
1072 901 1214 963 modum

224 1016 255 1062 et
278 1019 378 1080 genus
404 997 451 1059 his
475 995 579 1059 verbis
609 994 762 1057 illustrare
791 995 878 1058 licet:
907 1005 1000 1078 atque
1028 994 1114 1058 aleas
1146 995 1214 1057 aaa

224 1094 336 1157 densas
364 1103 459 1173 super
487 1091 614 1173 agmine
647 1100 771 1153 turmas
807 1094 913 1170 [atque
942 1090 1026 1153 atrias
1053 1089 1212 1158 scelerum

214 1189 329 1268 facus,
359 1189 424 1250 iam
453 1205 580 1248 cernere
605 1189 728 1265 cogar]
746 1184 899 1264 impietate
913 1185 996 1264 fera
1021 1185 1212 1247 vaecordem

227 1282 377 1348 Colchida
406 1290 541 1343 matrem
567 1298 593 1341 e.
614 1299 642 1360 q.
662 1298 686 1338 s.
717 1313 755 1322 -
786 1279 873 1359 quod
902 1300 930 1341 v.
951 1281 1007 1358 248
1031 1281 1212 1343 Vossianus

224 1377 333 1440 turbas
358 1377 494 1456 praebet,
518 1373 698 1438 meminisse
724 1373 809 1435 iuvat
834 1375 921 1452 quod
943 1373 1150 1437 Gitlbauerus
1177 1376 1209 1436 in

224 1471 405 1535 Woelfflini
428 1469 511 1530 arch.
538 1489 560 1546 r,
589 1469 645 1548 349
675 1468 714 1529 de
739 1468 851 1530 turbae
879 1484 909 1531 et
933 1477 1118 1532 urinarum
1148 1489 1208 1532 usu

224 1564 399 1627 Horatiano
419 1562 553 1626 monuit.
599 1581 696 1643 quem
716 1583 811 1624 usum
832 1583 897 1625 non
918 1564 958 1624 ad
979 1583 1081 1624 unum
1103 1565 1210 1627 Hora·

222 1662 302 1723 tium
323 1659 477 1739 pertinere
501 1658 583 1736 dico,
609 1658 665 1720 sed
691 1659 731 1719 ad
752 1658 928 1739 Vergilium
953 1659 1044 1735 itetn;
1071 1659 1208 1721 Ovidius

222 1756 349 1818 turbam
370 1755 464 1816 haber
484 1770 514 1815 et
534 1761 683 1825 turmam,
712 1749 894 1833 Propertius
919 1751 1047 1814 narbam
1066 1763 1210 1817 terrram

224 1853 300 1930 (non
322 1852 348 1928 3,
373 1869 416 1928 14,
442 1867 477 1928 14
496 1847 551 1910 sed
571 1867 600 1926 4,
619 1867 648 1926 4,
671 1848 718 1926 31)
739 1856 863 1910 turmas
881 1849 919 1926 (2,
940 1868 982 1924 10,
999 1849 1035 1926 3),
1056 1847 1209 1910 Tibullus

224 1944 358 2016 turbam,
379 1964 438 2006 nec
456 1943 549 2005 video
569 1941 639 2023 quis
652 1956 819 2022 poetarum
834 1943 959 2024 agmina
973 1942 1020 2021 (cf.
1038 1943 1124 2006 Non.
1138 1947 1208 2024 524;

223 2038 369 2101 scholion
389 2043 468 2100 Aen.
494 2058 537 2116 10,
557 2037 615 2117 432
639 2037 680 2098 ad
699 2037 830 2099 Terenti
850 2029 910 2098 hd.
931 2056 997 2116 907,
1018 2038 1075 2099 ubi
1094 2039 1210 2101 turbas

224 2131 411 2209 Rembinus‚
445 2131 572 2194 turbam
602 2132 790 2213 Calliopius)
824 2130 935 2194 turbas
964 2131 1090 2212 dixerit3
1124 2151 1208 2197 certe

224 2226 300 2289 falsa
330 2239 402 2288 sunt
433 2245 513 2306 quae
543 2242 576 2288 et¹
603 2228 655 2289 alii
685 2227 831 2290 dixerunt
860 2241 891 2288 et
915 2227 1138 2290 Broukhusius
1168 2230 1207 2292 ad

171 2337 210 2384 tut
224 2323 317 2403 Prop.
336 2322 362 2398 3,
388 2339 430 2399 12,
456 2321 498 2382 16.
521 2355 559 2366 -
580 2322 681 2384 anxia
700 2321 833 2385 vulnera
852 2343 881 2382 v.
896 2323 954 2383 250
972 2321 1085 2383 eadem
1105 2322 1209 2403 figura

223 2439 285 2500 qua
309 2415 452 2479 uolucres
475 2437 576 2480 auras
600 2437 628 2478 v.
651 2419 717 2494 253,
743 2417 802 2479 nisi
828 2417 916 2498 quod
940 2415 997 2478 has
1021 2436 1039 2477 a
1063 2418 1207 2499 Vergilio

171 2527 211 2572 au
224 2513 366 2593 sumpsit.
400 2533 428 2574 v.
444 2515 500 2574 252
522 2511 700 2574 emendavit
718 2512 872 2594 Silligius:
893 2513 1018 2576 ἂἸτυν
1038 2513 1110 2577 αἰὲν
1121 2515 1207 2579 Ἴτυν

170 2625 210 2670 ass
224 2603 427 2692 ὀλοφύρεται.
477 2629 505 2669 v.
527 2609 583 2669 256
613 2607 720 2669 nescio
754 2625 794 2668 an
819 2606 935 2692 ¹fortius
968 2607 1007 2668 sit
1039 2618 1210 2671 aversatus

171 2719 210 2766 259
224 2722 319 2782 quarn
341 2701 429 2783 quod
456 2703 534 2763 olim
560 2718 762 2765 correxerunt
782 2711 959 2764 aversatur.
1001 2701 1078 2763 item
1098 2724 1127 2763 v.
1151 2706 1209 2783 259

223 2797 329 2858 nescio
356 2816 412 2858 cur
436 2796 566 2859 numina
591 2812 768 2874 mutentur;
799 2814 879 2877 quae
903 2797 930 2859 si
956 2796 996 2859 ad
1021 2816 1132 2859 manes
1155 2813 1209 2860 aut

223 2891 263 2952 ad
293 2892 402 2953 locum
431 2891 562 2954 numine
592 2893 724 2973 plenum
754 2891 870 2954 referre
902 2892 1041 2969 dubites,
1072 2907 1104 2954 at
1134 2907 1209 2956 sunt

223 2984 354 3048 numina
374 2985 559 3067 inferorum,
580 3001 610 3049 et
630 2985 733 3048 statim
753 2985 880 3047 obviam
893 2986 979 3048 venit
992 2986 1206 3068 Persephone.

171 3102 210 3150 rao
303 3080 413 3161 Incipit
433 3081 522 3144 locus
543 3082 582 3144 de
602 3080 719 3163 Elysio,
741 3080 830 3143 cuius
850 3081 883 3142 in
903 3081 1012 3143 limine
1033 3096 1079 3144 est
1098 3103 1210 3145 versus

224 3195 320 3259 quern
342 3191 424 3238 certa
444 3176 563 3238 ratione
588 3174 743 3257 explicare
767 3173 909 3256 despero.
949 3190 1072 3237 tantum
1102 3177 1209 3254 video,

223 3271 365 3353 Eiusiam
388 3270 507 3334 undum
533 3271 581 3349 (cf.
603 3271 677 3333 Stat.
699 3268 766 3331 silv.
789 3271 815 3348 5,
837 3271 863 3349 3,
885 3289 902 3331 2
923 3269 1030 3351 Elysio
1054 3269 1093 3332 de
1103 3273 1208 3350 fonte,

223 3367 326 3428 Theb.
342 3367 368 3445 3,
390 3368 457 3446 247)
479 3366 640 3428 eliminare
661 3379 691 3427 et
704 3364 879 3426 Eridanum
897 3363 1012 3427 inferre
1025 3365 1208 3429 arbitrariae

222 3461 365 3522 licentiae
386 3481 466 3539 esse;
488 3461 654 3524 difficultas
675 3479 740 3521 non
761 3473 807 3522 est
820 3459 949 3521 illorum
962 3462 1135 3522 verborum
1150 3462 1208 3523 sed

224 3553 377 3634 participii
389 3554 476 3634 quod
488 3571 533 3616 est
542 3554 727 3628 tranandus,
739 3573 842 3636 neque
853 3555 1001 3616 insensus
1008 3555 1059 3618 vel
1066 3557 1208 3620 notionis

225 3649 414 3710 obscuritate
435 3647 601 3714 difficultas
620 3649 708 3727 inest,
729 3650 784 3711 sed
805 3649 837 3710 in
859 3649 974 3729 forma;
995 3669 1099 3730 neque
1119 3653 1206 3714 enim
