2578 4242
203 282 206 287 ’
227 316 265 378 52
585 309 844 358 connaurnmvs

228 494 342 576 probat
366 511 473 555 versus
500 491 555 572 qui
579 489 721 571 sequitur
751 490 827 552 item
857 490 897 551 ad
927 504 1020 571 caput
1049 489 1220 570 pertinens

228 609 303 651 cum
316 587 430 650 oculis:
450 595 632 668 aspectuque
648 584 747 648 micat
754 584 971 667 flammarum
984 583 1102 646 hemme
1117 595 1221 658 torvo,

229 703 294 764 quo
314 683 348 746 in
367 701 460 746 versu
480 679 559 743 nihil
580 695 626 742 est
639 681 727 761 quod
742 680 961 762 reprehendas,
981 679 1008 740 si
1027 688 1119 741 torvo
1141 699 1221 741 cum

228 787 351 859 aspectu
371 776 544 856 coniungas
564 795 602 837 ex
624 776 756 838 consilio
783 789 897 857 poetae
916 773 1163 856 compositionis
1184 790 1221 835 ut

228 873 344 936 scimus
364 871 494 934 artificia
515 871 692 951 quaerentis
713 887 744 934 et
764 885 927 953 aspectum
941 869 1130 951 appellantis
1151 885 1221 931 tor-

228 986 305 1029 vum
331 965 547 1048 flammarum
577 964 693 1028 lomim
722 967 841 1046 (georg.
869 966 895 1039 3,
924 966 981 1045 433
1003 965 1221 1048 flammantia

229 1061 351 1124 lumita
370 1070 523 1143 torquens,
543 1063 623 1122 Aen.
637 1062 662 1138 5,
683 1077 739 1138 277
760 1059 937 1141 ardensque
955 1059 1050 1122 oculis
1070 1068 1102 1121 et
1120 1059 1221 1122 sibila

208 1155 310 1220 eolla
333 1155 455 1218 arduus
479 1153 629 1226 attollens,
659 1155 713 1217 Sil.
734 1155 762 1232 6,
790 1174 847 1218 220
870 1155 1000 1236 gemite
1028 1154 1066 1218 de
1095 1153 1221 1218 lumine

220 1250 379 1332 fitlgurat
400 1249 483 1330 gnei
508 1265 537 1312 et
557 1250 637 1328 alia).
677 1269 754 1330 ergo
779 1249 831 1312 cui
852 1249 948 1312 crista
973 1259 1104 1330 stiperm
1131 1249 1220 1312 adaia

231 1344 340 1426 capitis
361 1344 393 1406 in
414 1343 612 1408 altitudinem
638 1343 733 1406 erecti
757 1345 922 1408 cumulum
948 1345 1021 1407 satis
1044 1343 1221 1425 significat;

230 1457 289 1519 pro
309 1447 391 1500 etse
409 1452 515 1500 autem
536 1459 602 1500 non
622 1441 756 1501 verbum
778 1438 1002 1518 desideramus,
1023 1439 1109 1520 quod
1134 1455 1221 1502 extat

230 1553 259 1594 v.
279 1550 341 1611 172,
367 1533 422 1596 sed
448 1533 620 1596 sententiae
643 1533 792 1596 satisfacit
817 1535 905 1614 quod
928 1535 1021 1615 posui
1040 1554 1121 1597 ecce:
1155 1535 1221 1596 iam

230 1642 399 1708 postquam
424 1643 517 1708 caput
543 1629 662 1708 extulit,
693 1629 800 1710 capitis
826 1630 945 1711 species
971 1644 1001 1692 et
1026 1628 1113 1691 color
1142 1649 1220 1692 con-

231 1723 369 1804 spicitur.
430 1724 486 1785 sed
525 1738 642 1786 certam
680 1723 784 1788 dicere
829 1723 1084 1786 emendationem
1127 1724 1219 1786 nolo.

179 1833 219 1878 ru
230 1838 259 1879 v.
278 1837 331 1897 ¹74
351 1818 489 1880 metebat
505 1819 625 1880 circum
641 1838 674 1880 se
687 1818 766 1897 loca,
788 1817 855 1881 loca
874 1818 1064 1899 contemplat,
1084 1817 1219 1881 circum-

230 1920 347 1992 spectat
361 1932 437 1991 sese,
459 1928 494 1975 ut
515 1927 560 1975 est
580 1913 613 1975 in
633 1913 828 1976 Trinummo
846 1913 914 1975 86&
954 1932 1028 1976 cum
1048 1931 1220 1994 pervagata

231 2006 293 2068 sint
326 2008 393 2086 agri
426 2007 566 2089 porticus
599 2023 697 2070 castra
733 2017 849 2092 metata
886 2024 917 2071 et
950 2008 1070 2072 Seneca
1102 2008 1220 2071 dixerit

232 2100 314 2180 Thy.
335 2102 393 2179 462
420 2099 525 2163 nullus
548 2101 630 2164 miii
650 2101 736 2164 ultra
760 2103 854 2168 Gems
872 2111 1009 2168 metatio
1027 2113 1060 2166 et
1075 2103 1220 2166 Partlws

232 2213 313 2275 ager
338 2192 433 2272 (idern
454 2195 570 2258 Phaed.
593 2197 648 2258 506
673 2216 755 2260 nunc
777 2199 915 2264 nemora
943 2199 1004 2262 alti
1029 2198 1124 2264 densa
1156 2219 1219 2260 me·

232 2297 318 2352 tatur
337 2287 424 2367 loca),
444 2289 496 2352 hic
519 2310 627 2354 versus
651 2292 784 2354 activam
807 2293 943 2356 formam
965 2309 1104 2372 testatur,
1124 2294 1218 2360 valde

232 2384 506 2447 accommodatam
540 2385 627 2448 illam
663 2401 775 2466 poetae
812 2387 952 2452 sermoni
988 2409 1055 2452 non
1091 2387 1218 2450 vitantis

232 2499 313 2561 quae
343 2499 361 2542 a
391 2481 523 2542 cultiore
558 2481 630 2544 stilo
661 2482 851 2546 abhorreant
885 2499 916 2546 et
945 2484 1080 2546 subinde
1110 2499 1218 2546 osten-

232 2574 333 2636 dentis
353 2573 445 2637 nobis
467 2575 623 2656 quaedam
649 2577 737 2657 quasi
758 2577 932 2641 Latinitatis
955 2578 1095 2649 latibula,
1125 2579 1217 2640 cuius

146 2731 147 2736 ,
232 2669 277 2731 rei
306 2669 420 2750 gratias
450 2670 480 2732 ei
510 2670 707 2750 habebimus,
738 2692 804 2734 non
831 2673 1039 2736 urbanitatem
1070 2673 1119 2735 ori
1148 2674 1217 2736 eius

181 2779 220 2824 ttr
233 2765 451 2827 obtrudamus.
505 2786 533 2826 v.
559 2766 613 2844 176
641 2774 749 2829 torvus
776 2767 916 2848 Silligius
945 2767 1078 2846 invenit;
1108 2789 1137 2830 v.
1164 2788 1217 2847 177

232 2858 357 2938 saepius
386 2878 452 2921 non
483 2859 630 2921 desinunt
659 2861 816 2924 veteribus
846 2861 999 2943 novisque
1028 2863 1217 2927 coniecturis

232 2968 401 3034 temptare;
430 2953 485 3016 sed
510 2953 679 3016 consilium
703 2971 815 3037 poetae
840 2972 904 3018 tam
931 2973 1076 3038 apertum
1106 2975 1152 3022 est
1183 2974 1218 3020 ut

233 3049 289 3129 qui
319 3049 428 3112 locum
456 3050 618 3131 perlegere
653 3050 801 3132 dignetur
832 3052 952 3114 moneri
989 3053 1028 3116 de
1066 3053 1218 3133 gradibus

233 3143 451 3225 descriptionis
471 3165 537 3208 non
557 3145 692 3226 amplius
713 3147 833 3210 debeat.
873 3167 1001 3229 serpens
1021 3147 1116 3210 solito
1137 3164 1218 3212 tem·

233 3258 312 3322 pore
333 3240 372 3302 ad
392 3260 482 3303 suam
503 3240 653 3321 paludem
673 3262 706 3303 se
726 3241 824 3304 volvit
844 3241 971 3306 frutices
990 3243 1167 3324 infringens
1189 3258 1217 3306 et

234 3335 345 3398 oculos
367 3336 407 3398 ad
425 3355 568 3417 pugnam
594 3351 628 3398 ut
650 3336 730 3398 solet
750 3337 916 3399 intendens
936 3337 1129 3417 (163-168);
1155 3339 1218 3400 iam

233 3429 275 3490 ad
295 3430 399 3512 ipsum
419 3432 528 3494 locum
547 3431 717 3496 adveniens
742 3431 848 3513 ataugei
871 3442 963 3516 atque
981 3433 1087 3514 magri
1106 3445 1219 3516 corpus

233 3524 404 3588 revolubile
422 3524 548 3589 voluens
568 3526 598 3605 (i.
613 3547 639 3590 e.
654 3546 768 3608 corpus
782 3527 913 3590 volvens
928 3542 1021 3610 atque
1041 3529 1217 3606 revolvens)

234 3618 398 3698 regionem
424 3620 519 3682 fontis
544 3619 697 3701 perquirit
717 3623 764 3700 (-
783 3623 860 3700 174);
887 3637 923 3684 ut
947 3621 1031 3686 videt
1058 3639 1217 3704 pastorem
