2600 4242
218 353 257 431 46
578 349 837 398 COMMENTARIVS

220 553 248 615 p.
265 535 330 612 327.
371 553 422 594 me
447 533 579 596 offendit
602 549 673 614 post
697 547 745 594 tot
764 531 992 593 amoenitatum
1012 530 1210 592 rusticarum

219 627 491 691 enumerationem
516 628 548 690 in
573 627 799 690 exclamatione
826 627 904 687 elata
932 645 997 688 una
1021 625 1126 705 aliqua
1153 645 1210 686 res

220 743 300 804 quae
321 723 504 804 praesertim
519 722 581 784 iam
595 737 722 784 tractata
742 722 780 784 sit
793 742 821 783 v.
836 741 873 799 77
888 741 947 801 sq.;
968 721 1040 783 satis
1058 737 1104 782 est
1119 741 1210 800 gra·

219 818 340 881 tissima
360 827 456 898 tempe
477 816 539 878 dici
560 836 640 897 quae
661 818 800 880 incolant
819 832 891 898 post
904 816 1040 897 pecudes
1055 831 1085 876 et
1100 816 1208 878 Panes

219 915 398 978 nominatae
425 912 672 994 Hamadryades,
703 932 776 974 cum
803 911 918 991 quibus
947 926 1111 991 pastorum
1138 911 1208 972 vita

219 1009 429 1090 coniungitur.
471 1007 591 1069 conieci
611 1007 801 1088 gratissima
820 1015 926 1086 tempe,
946 1005 1056 1068 hortus
1075 1005 1209 1068 Hama-

219 1103 385 1184 dryadum.
418 1103 527 1165 hortus
542 1103 765 1186 nympharum,
786 1101 1091 1186 παρθένων-κῆπος
1119 1102 1206 1183 ἀκή-

218 1222 316 1278 ρατος
336 1199 431 1279 (lbyc.
443 1199 501 1279 frg.
512 1201 545 1277 1),
560 1213 594 1260 ut
606 1197 852 1278 Hesperidarum
863 1195 1054 1273 notissimus,
1068 1210 1104 1256 ut
1118 1195 1209 1257 lovis

219 1293 348 1355 lunonis
363 1293 493 1356 Veneris
513 1293 632 1355 Dianae
653 1291 798 1354 Herculis
813 1291 948 1353 Pudoris
970 1290 1053 1352 horti
1074 1306 1104 1351 et
1120 1310 1207 1370 quos

219 1403 330 1466 poetae
345 1387 422 1450 alios
436 1388 475 1448 ad
490 1403 641 1450 notorum
656 1387 798 1466 exempla
814 1385 983 1466 lingebant.
1015 1385 1052 1447 cf.
1068 1385 1143 1449 Col.
1158 1407 1206 1464 ro,

217 1482 273 1542 263
288 1503 333 1564 sq.
375 1484 413 1544 de
438 1483 633 1545 nominativo
659 1502 731 1543 casu
752 1481 823 1544 vide
844 1480 884 1542 ad
907 1503 936 1542 v.
953 1481 1018 1559 269.
1065 1481 1209 1542 eandem

178 1589 204 1632 96
218 1575 314 1656 igitur
339 1596 436 1657 quam
464 1578 624 1660 nymphae
651 1576 770 1638 eisdem
793 1577 827 1638 in
846 1576 924 1638 locis
944 1590 1085 1657 pastores
1104 1575 1206 1636 vitam

217 1687 340 1751 gerunt,
365 1676 538 1735 Ascraeum
559 1687 663 1733 vatem
686 1671 904 1752 unusquisque
929 1670 1100 1746 imitantes;
1130 1689 1206 1732 sen-

218 1767 347 1830 tentiam
367 1768 499 1830 restituit
520 1765 778 1830 Helmstadiensis
806 1767 909 1845 (poeta
935 1762 1028 1825 etiam
1054 1779 1205 1844 excerpta

219 1863 382 1942 Parisina);
422 1863 494 1925 vide
527 1862 784 1942 interpolatorem
814 1859 1017 1921 Vossianum:
1058 1859 1206 1922 aemulus

218 1957 358 2019 Ascraeo
376 1959 504 2038 pastori
524 1960 652 2038 quisque
671 1965 771 2036 poeta.
812 1955 867 2016 sed
887 1955 1002 2016 iterum
1021 1953 1148 2016 dubites
1169 1955 1204 2016 in

217 2051 359 2112 intricata
372 2054 543 2113 verborum
557 2051 798 2132 compositione,
815 2048 879 2112 sibi
890 2064 996 2112 utrum
1011 2048 1051 2109 ad
1065 2052 1204 2110 verbum

219 2145 306 2225 quod
327 2160 372 2206 est
390 2144 529 2207 traducit
547 2147 596 2225 (74
611 2146 774 2226 pollentem
793 2145 867 2224 sibi)
889 2165 928 2206 an
949 2145 988 2206 ad
1010 2141 1205 2206 adiectivum

218 2240 306 2320 quod
320 2256 366 2301 est
379 2239 520 2302 aemulus
533 2241 687 2320 pertinere
702 2254 795 2320 poeta
807 2239 951 2302 voluerit.
979 2255 1072 2318 atque
1087 2259 1206 2317 quam·

217 2335 262 2396 vis
288 2336 434 2398 audacter
461 2335 504 2398 sic
530 2336 595 2397 duo
619 2335 713 2396 dativi
740 2335 981 2415 coniungantur,
1005 2333 1073 2416 'hoc
1094 2335 1205 2414 potius

218 2430 320 2494 dicere
341 2430 473 2508 videtur,
494 2431 554 2492 sibi
575 2451 734 2512 quemque
755 2429 906 2491 aemulari
928 2427 1116 2507 Hesiodum,
1138 2431 1158 2493 i.
1174 2451 1200 2492 e.

217 2527 310 2588 etiam
332 2526 495 2589 destitutos
521 2526 649 2607 ingenio
675 2525 801 2606 poetico
827 2540 966 2605 pastores
991 2537 1128 2586 ceteram
1148 2546 1204 2606 pa·

216 2622 335 2683 storalis
356 2637 467 2702 poetae
487 2621 667 2683 felicitatem
685 2640 744 2682 suo
760 2639 888 2701 quoque
903 2617 1001 2680 modo
1017 2621 1201 2682 consectari.

217 2714 254 2774 cf.
277 2714 368 2776 Lucr.
393 2717 418 2792 5,
439 2717 497 2793 960
514 2715 640 2790 ferebat
656 2725 760 2796 sponte
783 2735 843 2777 rua
865 2712 928 2776 ribi
944 2713 1073 2794 qm'sque
1091 2715 1205 2778 vakre

216 2818 247 2869 et
257 2809 363 2870 vivere
377 2809 489 2871 doctrin
518 2830 584 2872 non
598 2810 664 2870 sine
676 2809 807 2871 consilio
822 2808 916 2888 igitur
926 2807 1029 2869 statim
1040 2823 1203 2888 pastorem

217 2904 353 2965 ostendit
374 2922 500 2966 carmen
520 2924 581 2965 non
601 2913 671 2964 arte
691 2922 810 2965 canora
831 2903 1057 2965 modulantem.

177 3023 203 3067 os
294 2999 331 3061 V.
351 2999 388 3079 98
414 2998 514 3078 pergit
539 2998 571 3059 in
596 2998 773 3060 narratione
799 3019 816 3060 a
841 3018 903 3078 qua
926 3019 954 3059 v.
977 2999 1013 3060 58
1034 2998 1205 3078 degressus·

217 3110 289 3156 erat.
340 3093 467 3174 apricas
487 3113 582 3155 curas
601 3109 707 3173 pastor
732 3094 794 3175 agit
819 3094 851 3155 in
875 3093 982 3174 aprico
1003 3093 1120 3154 scilicet
1142 3113 1205 3174 po-

216 3190 302 3266 situs,
323 3205 397 3251 nota
418 3188 570 3268 loquendi
592 3189 692 3268 figura
712 3190 821 3270 poetis,
842 3188 898 3250 sed
918 3187 950 3249 in
965 3188 1026 3249 hoc
1039 3189 1205 3250 vocabulo

217 3304 307 3347 nova.
349 3284 435 3347 Persi
449 3284 650 3365 apricrrenes
670 3286 789 3364 (2179)
811 3285 873 3346 huc
888 3282 1014 3344 faciunt.
1053 3281 1091 3344 cf.
1107 3282 1202 3344 Cice·

216 3379 301 3440 tonis
315 3379 354 3440 de
367 3399 431 3441 sen.
449 3383 492 3459 57·
505 3379 560 3443 ubi
571 3379 762 3461 enimpotest
772 3378 830 3441 illa
843 3387 930 3440 aetas
944 3377 992 3456 (cf.
1008 3398 1036 3437 v.
1053 3377 1114 3438 186.
1131 3379 1204 3456 388)

216 3482 273 3536 aut
290 3472 442 3537 calescere
459 3475 513 3537 vel
521 3475 712 3557 apricatione
725 3473 836 3536 melan
850 3472 904 3535 vel
913 3471 983 3552 igni
994 3481 1052 3533 aut
1061 3471 1204 3534 vacarum

176 3581 202 3624 99
215 3567 337 3630 umbris
361 3568 488 3650 aquinae
508 3570 709 3650 refrigerari
728 3567 910 3631 salubrius?
939 3587 967 3628 v.
988 3587 1026 3646 99
1052 3565 1140 3646 quod
1165 3566 1200 3627 in

217 3661 264 3722 his
284 3664 387 3723 verbis
413 3683 474 3724 non
499 3673 569 3724 arte
593 3683 711 3725 canora
736 3663 921 3741 particulam
942 3681 1002 3724 non
1023 3680 1088 3723 non
1110 3679 1201 3722 com-
