2578 4242
533 305 618 350 COPA

125 487 307 548 formosum
328 502 452 549 tenerae
475 488 644 566 decerpens
665 506 720 548 ora
741 489 864 568 puellae
885 523 921 534 -

168 603 186 642 a
207 598 313 662 pereat
334 583 384 645 cui
405 598 477 644 sunt
497 583 597 663 prisca
617 583 790 663 supercilia.

125 677 204 758 quid
226 677 321 738 cineri
342 678 464 757 ingrato
485 699 587 740 servas
608 680 688 739 bene
710 679 825 740 olentia
845 684 942 741 serta?
1080 697 1107 739 35

166 793 247 834 anne
269 788 420 836 coronato
441 773 486 833 vis
507 772 610 852 lapide
631 773 688 835 ista
709 773 788 853 tegi?

125 888 211 949 pone
233 888 356 930 merum
378 884 407 930 et
427 869 515 930 talos.
555 883 661 949 pereat
682 869 737 950 qui
757 869 888 931 crastina
909 884 1009 949 curat:

165 964 253 1025 Mors
273 983 381 1024 aurem
403 964 520 1026 vellens
541 964 652 1026 ‘vivite'
677 964 719 1026 ait
740 964 861 1026 ‘veni0'.

139 1160 164 1205 33
178 1147 310 1191 formosum
325 1149 444 1189 vindicavit
458 1148 593 1187 Buecieiems
646 1159 670 1204 34
685 1145 772 1204 aperiat
785 1145 809 1189 M
863 1159 888 1204 35
902 1151 928 1199 cs.
938 1151 988 1188 Aen.
998 1151 1017 1197 6,
1029 1150 1069 1189 213

82 1217 112 1274 36
130 1219 167 1258 ‘an
185 1219 216 1258 eii
238 1219 309 1267 lapide
324 1219 365 1268 ieqi
380 1229 466 1266 eumque
482 1218 573 1266 lapidem
587 1219 687 1258 coronari
699 1219 747 1258 istis
764 1217 844 1258 sereser
858 1219 999 1258 Buechelerus.
1031 1228 1068 1267 eye

81 1289 160 1329 dubito
180 1298 231 1326 mem
247 1291 314 1338 poeta
334 1291 385 1325 anie
397 1299 416 1326 v.
429 1288 455 1327 38
475 1289 562 1326 moriem
582 1287 625 1335 ipsi
644 1296 703 1336 quem
723 1289 801 1326 invitat
818 1288 931 1327 innantem
947 1287 1030 1334 innuat,
1051 1291 1070 1325 ei

82 1358 166 1397 conieci
179 1353 222 1398 teri
279 1365 305 1409 37
318 1353 386 1396 tallos
399 1357 425 1394 M
474 1357 527 1394 haec
545 1361 566 1396 ei
579 1369 597 1396 v.
610 1358 637 1395 33
650 1367 703 1396 eane
715 1367 757 1396 non
770 1358 818 1406 ipsa
830 1358 904 1406 puelia
917 1358 986 1396 dicere
994 1360 1069 1406 potest,

83 1437 151 1477 quam
160 1427 245 1466 ommno
254 1437 296 1465 non
306 1425 484 1474 ioquenienisacit
489 1430 555 1475 poeta
605 1423 681 1468 Publii
691 1422 780 1480 Virgilii
790 1423 895 1468 Masonis
904 1422 972 1480 Copa
981 1420 1041 1465 Finit
1052 1424 1068 1462 B
