2600 4242
536 367 641 414 CVLEX

100 546 151 607 vel
171 546 273 608 salicis
293 547 394 608 lentae
416 548 466 608 vel
487 567 567 628 quae
588 569 670 612 nova
694 553 831 614 nascitur
851 554 950 633 alnus,

68 669 71 676 ¹
100 641 179 702 haec
199 656 321 702 teneras
343 643 492 704 fruticum
512 659 615 705 sentes
636 645 775 723 rimatur,
800 663 830 708 at
850 648 903 709 illa

100 736 245 798 imminet
266 738 299 799 in
318 737 386 813 rivi,
407 739 591 818 praestantis
611 739 765 820 imaginis,
787 743 915 805 undam.

35 840 58 924 s
133 885 136 890 ,
159 831 188 894 Ο
210 834 294 894 bona
314 832 446 914 pastoris
468 833 504 911 (si
524 834 595 914 quis
615 854 681 897 non
701 838 848 918 pauperis
867 859 962 901 usum

99 943 206 991 mente
227 927 314 1008 prius
335 927 427 990 docta
448 928 583 991 fastidiat
603 945 632 991 et
656 933 770 1010 probet
791 932 851 994 illis

100 1022 209 1086 omnia
228 1023 370 1084 luxuriae
390 1023 507 1103 pretiis)
528 1023 689 1105 incognita
710 1026 792 1088 curis

100 1139 182 1201 quae
202 1119 338 1180 lacerant
358 1118 464 1180 avidas
483 1117 612 1180 inimico
633 1133 760 1198 pectore
780 1127 914 1183 mentes!

99 1213 125 1276 si
147 1233 214 1276 non
233 1213 364 1294 Assyrio
386 1213 502 1275 fuerint
521 1213 569 1274 bis
589 1214 674 1275 lauta
695 1197 810 1278 colore⁸

98 1309 242 1371 Attalicis
263 1309 376 1389 opibus
397 1309 468 1370 data
487 1309 612 1388 vellera,
633 1309 659 1369 si
680 1309 764 1371 nitor
783 1308 851 1373 auri

99 1406 159 1465 sub
180 1405 326 1486 laqueare
347 1404 462 1466 domus
483 1403 628 1466 animum
649 1425 714 1467 non
734 1421 828 1486 anget
848 1425 976 1468 avarum

98 1501 303 1580 picturaeque
324 1499 420 1561 decus
441 1497 582 1579 lapidum
604 1520 661 1561 nec
682 1499 788 1581 fulgor
809 1500 841 1562 in
862 1501 926 1563 ulla

99 1594 247 1676 cognitus
268 1594 399 1656 utilitate
420 1609 534 1672 manet,
557 1614 615 1656 nec
636 1596 750 1677 pocula
769 1611 894 1677 gratum

98 1689 231 1752 Alconis
251 1689 387 1751 referent
406 1689 584 1770 Boethique
605 1704 750 1752 toreuma
771 1711 828 1753 nec
850 1691 919 1753 Indi

100 1787 242 1848 conchea
262 1786 338 1846 baca
360 1784 454 1846 maris
475 1783 576 1864 pretio
598 1799 657 1846 est:
676 1799 707 1846 at
726 1801 854 1865 pectore
874 1806 955 1866 puro

7 1917 10 1924 »
98 1899 192 1960 saepe
212 1898 307 1960 super
326 1894 435 1941 tenero
456 1878 624 1958 prosternit
643 1880 785 1959 gramine
807 1899 931 1961 corpus,

98 1975 213 2038 florida
234 1994 307 2036 cum
327 1975 429 2051 tellus,
449 1973 637 2054 gemmantis
658 1973 740 2054 picta
760 1993 817 2054 per
837 1975 957 2049 herbas,

97 2091 172 2133 vere
193 2085 281 2133 notat
301 2069 387 2131 dulci
407 2069 550 2131 distincta
570 2068 731 2130 coloribus
752 2088 837 2147 arva;

98 2179 193 2246 atque
213 2164 315 2242 illum,
335 2165 457 2227 calamo
477 2164 596 2226 laetum
616 2163 773 2225 recinente
795 2164 925 2243 palustri

56 2256 61 2269 ”
99 2260 227 2340 otiaque
248 2258 364 2321 invidia
385 2260 553 2340 degentem
575 2274 604 2319 et
625 2258 734 2320 fraude
755 2274 877 2320 remota

96 2355 337 2436 pollentemque
357 2355 416 2416 sibi
434 2354 526 2416 viridi
547 2374 621 2416 cum
641 2354 769 2434 palmite
790 2355 899 2416 lucens

97 2450 227 2512 Tmolia
246 2449 417 2530 pampineo
435 2451 543 2512 subter
563 2469 656 2511 coma
676 2451 757 2511 velat
777 2449 908 2526 amictu;

50 2541 66 2624 f
96 2545 143 2607 illi
164 2560 236 2607 sunt
255 2560 361 2625 gratae
381 2540 523 2606 rorantes
543 2545 622 2607 lacte
643 2545 780 2624 capellae

97 2654 129 2702 et
150 2659 262 2701 nemus
282 2654 313 2701 et
333 2639 469 2701 fecunda
490 2640 579 2701 Pales
600 2654 631 2700 et
650 2638 784 2700 vallibus
804 2638 888 2700 intus

95 2753 222 2815 semper
242 2754 341 2816 opaca
361 2733 451 2795 novis
471 2731 631 2794 manantia
651 2731 791 2793 fontibus
812 2747 908 2793 antra.

97 2830 169 2910 quis
189 2830 289 2910 magis
310 2843 417 2909 optato
438 2842 532 2908 queat
553 2847 620 2889 esse
641 2827 760 2889 beatior
781 2846 868 2903 aevo,

10 2995 12 3002 ,
97 2944 195 3006 quam
216 2925 271 3006 qui
291 2939 397 2986 mente
417 2923 532 3004 procul
550 2942 630 3003 pura
649 2941 806 3004 sensuque
827 2920 993 3002 probando

96 3040 163 3083 non
184 3021 289 3082 avidas
309 3020 437 3101 agnovit
459 3038 535 3099 opes
556 3037 614 3080 nec
634 3017 732 3080 tristia
753 3017 835 3078 bella

63 3083 76 3144 (-
95 3135 156 3177 nec
177 3115 300 3177 funesta
318 3116 408 3176 timet
427 3114 548 3175 validae
570 3113 740 3175 certamina
761 3111 865 3174 classis

97 3231 166 3289 nec,
187 3211 297 3291 spoliis
318 3210 396 3272 dum
416 3224 522 3270 sancta
542 3209 639 3269 deum
660 3206 852 3287 fulgentibus
873 3220 963 3267 ornet

95 3306 215 3388 templa
235 3307 285 3368 vel
306 3319 431 3368 evectus
453 3303 551 3366 finem
571 3301 768 3364 transcendat
789 3299 936 3378 habendi,

94 3401 265 3462 adversum
285 3401 384 3463 saevis
405 3401 490 3462 ultro
512 3413 605 3479 caput
624 3397 768 3459 hostibus
790 3395 896 3457 offert?
1076 3417 1103 3462 85

147 3585 172 3628 55
192 3573 252 3618 haec
266 3572 344 3618 salicis
382 3573 409 3627 64
427 3572 514 3618 domus
531 3577 641 3624 excerpta.-
655 3569 741 3614 domos
794 3567 856 3624 angit
901 3566 1051 3622 67boetique

94 3644 215 3702 (coetique
229 3645 257 3696 B)
303 3656 326 3697 7¹
343 3643 407 3688 dulci
420 3649 530 3696 acerpta:
551 3640 626 3685 dulcis
670 3651 696 3697 73
709 3645 733 3683 et
748 3643 859 3689 excerpta:
880 3649 919 3678 ona
966 3635 992 3692 83
1006 3647 1051 3682 nec

94 3721 268 3767 excommnon
314 3713 398 3759 84nec
449 3709 594 3756 transcendit

868 3794 895 3846 t*
