2578 4242
211 329 265 389 ¹04
572 305 832 354 conruunrnntvs
1260 350 1265 409 ἱ

205 509 302 570 quem
329 509 389 552 suo
415 489 487 551 loco
512 489 633 551 moveri
662 503 693 551 et
717 488 779 550 alio
803 487 925 569 reponi,
952 503 987 550 ut
1006 487 1123 554 scilicet
1145 485 1187 550 ad
1263 510 1267 553 t

206 603 317 647 omnes
336 582 497 665 pertineat,
520 583 607 645 nulla
626 603 719 646 causa
739 599 793 645 est.
1177 573 1180 579 ¹
1266 656 1268 667 Ι

284 680 335 740 Ad
360 679 559 760 singulorum
581 697 731 741 versuum
760 677 929 739 lectionem
954 679 1042 758 quod
1066 679 1189 754 attinet,
1209 685 1218 696 “
1266 674 1274 758 l

156 797 196 841 aaa
208 797 236 837 v.
253 776 309 837 358
328 773 431 838 sedent
448 788 632 854 corruptum
656 791 722 835 esse
748 793 785 834 ex
809 791 848 834 eo
869 773 956 854 quod
975 773 1009 834 in
1030 773 1189 836 Vossiano
1266 764 1272 775 ι’

205 869 319 950 legitur
337 869 445 932 sidmm
462 889 527 931 non
548 869 652 931 cred0.
699 883 809 949 aptum
829 883 908 930 esset
929 867 1042 942 sedent,
1067 869 1122 930 sed
1144 888 1187 931 ne

205 965 284 1027 illud
305 965 435 1046 quidem
454 963 658 1046 sequentibus
678 963 726 1024 his
739 962 843 1024 verbis
856 961 1025 1044 mediitque
1042 961 1098 1025 siti
1113 973 1192 1026 sunt

204 1059 328 1123 sedibus
350 1079 470 1136 omnes;
501 1049 577 1140 ergo
607 1060 646 1120 ab
673 1057 807 1120 Heinsio
837 1057 941 1137 recepi
970 1076 1004 1119 se
1027 1054 1108 1128 dont
1134 1059 1187 1137 (cf.

153 1171 193 1216 aar
205 1154 408 1218 Marklandus
434 1155 474 1217 ad
494 1154 568 1217 Stat.
590 1153 656 1214 silv.
683 1173 706 1231 r,
725 1172 755 1231 4,
773 1153 832 1232 49).
877 1171 914 1214 v.
929 1153 986 1231 364
1006 1150 1094 1215 bellis
1115 1173 1188 1216 cor-

205 1265 335 1331 ruptum
356 1269 422 1312 esse
442 1264 579 1332 apparet,
600 1267 674 1310 cum
688 1266 813 1328 gurges
832 1243 865 1309 in
877 1239 963 1308 unda
976 1245 1056 1308 nihil
1069 1248 1187 1310 habeat

205 1344 292 1423 quod
318 1343 456 1406 offendat
479 1345 529 1405 vel
550 1344 722 1406 obscurum
748 1343 795 1404 sit
836 1361 896 1422 ego
912 1340 1035 1423 palleat
1054 1343 1186 1423 reposui

204 1440 337 1500 verbum
357 1438 463 1501 inferis
481 1439 647 1520 proprium
667 1437 733 1516 (333
751 1436 963 1518 palmasque
982 1436 1077 1510 lactes,
1097 1437 1188 1520 Lyg-

205 1533 316 1595 damus
337 1527 363 1612 5,
384 1553 418 1594 21
440 1533 564 1616 parcite
579 1532 730 1615 pallentes
748 1531 850 1594 undas
867 1531 1049 1613 quicumque
1068 1534 1187 1608 tenetis,

204 1629 276 1692 Sen.
304 1628 384 1691 Oed.
408 1629 462 1690 582
490 1627 589 1692 subito
614 1627 745 1691 dehiscit
766 1636 856 1689 terra
879 1635 912 1689 et
937 1627 1086 1689 immenso
1112 1628 1188 1690 sinu
1271 1679 1272 1682 ,

203 1723 316 1786 laxata
332 1723 444 1805 patuit,
470 1722 534 1804 iore
556 1732 708 1804 torpentes
732 1721 818 1784 lacus
841 1719 910 1784 m‘di
936 1721 1017 1784 inter
1039 1721 1186 1796 umbras,

203 1819 267 1900 ipse
285 1817 439 1900 pallentes
461 1817 542 1891 dms,
572 1817 610 1879 cf.
636 1815 852 1890 Broukhusius
878 1815 917 1878 ad
941 1814 1014 1878 Tib.
1036 1817 1062 1894 3,
1087 1837 1110 1895 1,
1135 1818 1185 1896 28)

204 1934 271 1976 non
291 1928 374 1975 certa
394 1912 583 2000 coniectura
609 1913 665 1975 sed
691 1912 774 1974 facili
794 1928 825 1974 et
844 1927 924 1992 apta,
951 1931 1026 1973 nam
1046 1910 1093 1972 dis
1113 1931 1187 1974 ma-

205 2009 297 2069 nibus
318 2006 447 2069 Curtius
467 2027 499 2069 se
521 2007 646 2099 devouit
667 2007 743 2087 (Liv.
765 2025 792 2086 7,
813 2009 841 2086 6,
860 2010 900 2087 4),
921 2008 961 2070 ad
981 2025 1060 2087 quos
1080 2023 1186 2070 terrae

152 2102 308 2166 atuhiatus
333 2101 516 2181 pertinebat.
556 2123 584 2164 v.
606 2103 662 2164 366
687 2103 827 2184 potentia
852 2101 934 2183 regis
954 2098 1088 2183 legitime
1111 2102 1133 2163 i.
1158 2123 1185 2165 e.

204 2196 271 2258 iure
293 2195 382 2258 cessit
401 2196 507 2258 virtuti
528 2197 616 2258 omni
636 2197 667 2259 vi
687 2218 722 2260 ac
743 2197 882 2279 potentia
904 2187 1077 2275 destitutae,
1102 2199 1187 2279 legi·

203 2293 319 2354 timum
342 2289 459 2353 scilicet
483 2291 515 2354 in
540 2292 660 2373 regiam
681 2308 870 2372 ‚potestatem
893 2290 1063 2372 imperium
1082 2291 1187 2354 virtus

124 2405 126 2409 ·
204 2387 350 2450 exercuit.
392 2386 446 2467 qui
469 2387 615 2448 vocabuli
640 2406 715 2448 usus
737 2387 818 2465 licet,
843 2387 869 2447 si
888 2386 995 2448 lexicis
1015 2386 1101 2465 fides,
1127 2407 1186 2449 ex-

205 2482 316 2563 emplis
337 2497 447 2559 careat,
471 2497 536 2543 tam
556 2498 626 2561 apte
648 2483 779 2563 quadrat
805 2481 844 2568 ad
864 2473 965 2563 ipsam
985 2500 1053 2544 rem
1074 2497 1104 2544 et
1123 2503 1186 2546 vo·

205 2578 308 2638 cabuli
326 2593 479 2654 naturam,
500 2592 535 2638 ut
549 2577 588 2638 de
602 2577 729 2639 veritate
745 2577 887 2640 lectionis
908 2579 1018 2640 nullus·
1028 2578 1184 2640 dubitem.

203 2690 298 2732 sensu
318 2670 403 2732 idem
426 2671 542 2734 Catulli
563 2672 641 2733 illud
666 2672 735 2734 iure
754 2671 853 2752 igitm
871 2672 1040 2735 vincemur.
1080 2695 1109 2735 v.
1126 2673 1186 2752 370

125 2765 371 2845 aroschipiadas
396 2765 567 2827 Vossianus
592 2767 732 2829 restituit.
777 2767 899 2848 rapidis
923 2767 1091 2830 emendare
1117 2787 1185 2830 non

204 2859 306 2939 potui,
334 2859 491 2939 eleganter
514 2861 671 2940 Hauptius
697 2863 829 2944 veprem
859 2878 1008 2925 monente
1039 2863 1078 2924 de
1109 2883 1185 2924 vera

203 2974 310 3016 versus
330 2955 481 3017 sententia
501 2955 621 3018 Naekio
642 2976 671 3036 p.
689 2977 754 3036 294.

281 3050 318 3115 V.
335 3052 389 3130 372
411 3049 609 3112 redeundum
627 3051 686 3113 sibi
707 3051 739 3113 in
755 3041 884 3114 Tartara
905 3072 971 3114 esse
992 3053 1083 3114 culex
1104 3073 1185 3136 que-

202 3146 289 3226 ritur,
320 3166 383 3227 qua
413 3146 451 3207 de
482 3165 515 3212 re
544 3166 638 3226 supra
668 3147 813 3210 diximus.
858 3147 998 3212 maxime
1016 3149 1124 3212 Minos
1145 3185 1182 3194 —

124 3239 354 3307 arlandiscernit
367 3263 396 3329 v.
412 3243 469 3320 374
481 3263 526 3322 sq.
547 3258 630 3304 recte
645 3244 827 3305 emendasse
840 3244 964 3318 videtur
977 3243 1184 3324 Schraderus‚

202 3336 256 3398 sed
277 3337 401 3410 vincula
422 3337 586 3399 meliorem
606 3357 734 3399 sensum
758 3341 908 3420 praebent
929 3358 1024 3420 quam
1043 3338 1182 3412 saecula,

202 3432 290 3511 quod
311 3431 503 3520 vocabulum
519 3431 594 3493 item
616 3451 653 3496 ex
672 3432 756 3494 illius
777 3434 956 3496 coniectura
975 3434 1073 3514 vulgo
1094 3452 1182 3496 rece·

202 3542 325 3607 petunt.
366 3543 400 3588 ut
417 3545 483 3592 non
497 3526 563 3607 ipsa
577 3529 665 3612 sedes
680 3529 731 3608 pia
745 3545 799 3606 est,
820 3529 875 3591 sed
889 3529 1016 3610 piorum
1036 3547 1114 3610 ergo
1129 3529 1180 3609 pia

202 3623 240 3697 (v.
254 3621 300 3698 39,
321 3621 358 3681 cf.
380 3621 456 3700 epic.
473 3621 568 3700 Drusi
589 3623 644 3702 3²9
659 3625 715 3705 pio
731 3659 771 3668 -
790 3625 822 3686 in
842 3628 941 3705 arvo),
961 3624 1005 3686 sic
1025 3643 1092 3686 non
1113 3624 1179 3705 ipsa
