2600 4242
457 366 502 412 AD
516 366 543 413 V.
552 379 644 426 94-109
654 381 687 424 sq.
1026 386 1065 445 47

76 544 178 607 mode
203 545 338 626 positam
363 546 437 610 dicit
463 547 601 610 Naekius
621 567 651 628 p.
670 567 737 628 297,
769 563 851 610 certe
881 567 947 612 non
977 550 1066 612 aliter

75 641 187 720 posuit
208 641 365 722 Vergilius
385 662 446 705 nan
460 642 607 723 passibus
624 642 741 724 aequis,
763 642 907 705 Catullus
926 643 1018 708 ltaad
1032 645 1065 708 in

74 745 216 817 tempore
240 735 341 816 lango,
366 737 460 799 etiam
487 738 609 802 Gellius
634 758 695 800 aaa
718 737 840 801 homini
863 736 982 800 ricdacta
1007 740 1064 817 (18,

74 851 105 909 9,
127 832 168 910 4).
208 831 263 892 sed
286 830 421 894 solidum
445 851 573 896 carmen
598 831 832 912 interpretando
858 851 988 914 operam
1015 835 1064 895 lu·
1077 847 1117 892 too

74 938 189 986 serunt
215 925 273 987 viri
308 927 402 989 docti.
435 963 474 973 —
506 949 535 990 v.
561 948 609 990 ιοι
649 942 756 988 contra
790 927 968 1008 analogiam
999 929 1064 991 for·
1078 945 1115 988 tot

75 1020 177 1081 mavit
207 1021 367 1095 inevectus,
398 1021 486 1102 quod
516 1040 589 1082 cum
619 1021 794 1102 significare
823 1021 967 1086 debuerit
997 1046 1063 1088 non

75 1129 234 1192 evectum,
254 1116 429 1197 significare
450 1115 551 1178 voluit
575 1131 719 1178 evectum
743 1116 775 1177 in
800 1117 917 1192 locum,
947 1119 1063 1183 scilicet

73 1209 110 1269 in
131 1211 283 1272 mandam
301 1212 484 1285 aetheriam,
506 1210 595 1273 cuius
615 1210 738 1292 generis
757 1211 931 1292 composita
945 1233 1062 1277 novare

75 1304 201 1366 facilius
242 1306 370 1370 Graecis
413 1305 684 1388 praepositionum
729 1323 805 1367 usus
849 1308 1061 1386 permittebat:

74 1401 214 1487 λεκανίῳ
247 1403 309 1485 γὰρ
341 1401 556 1488 ἐναπονίψεις
582 1401 737 1485 ἐνεξεμεΐς
762 1401 962 1478 ἐνεκπλυνιϊς
983 1404 1061 1470 ἕνα·

74 1496 281 1582 ποπαιήσεις
301 1497 470 1579 Polyzelus
489 1496 575 1578 apud
590 1496 755 1559 Pollucem
773 1515 816 1573 ιο,
838 1497 884 1573 76.
925 1499 1062 1579 apertius

74 1591 173 1652 etiam
194 1590 271 1671 quid
291 1590 427 1653 voluerit
446 1606 540 1671 poeta
564 1611 629 1654 non
654 1590 752 1653 semel
778 1610 928 1672 usurpare
951 1594 1062 1657 solitus

72 1686 176 1747 semel
190 1685 262 1748 usui
275 1686 418 1768 adaptata
433 1687 569 1748 ostendit
582 1707 610 1747 v.
624 1687 675 1764 341
698 1685 763 1748 iret
778 1685 930 1749 Μαίης
942 1689 1062 1752 caclam

72 1790 179 1861 super.
215 1800 290 1842 sane
301 1781 421 1863 Vergili
431 1782 489 1844 Sol
499 1781 636 1843 invectus
648 1780 735 1860 equis
744 1778 843 1842 altum
848 1781 1063 1862 petitaetlccra

74 1878 195 1956 (georg.
210 1876 235 1949 3,
248 1877 324 1956 358).
356 1875 444 1957 quod
456 1875 516 1938 diei
531 1890 656 1956 tempus
666 1875 804 1938 indicare
815 1875 889 1938 velit
899 1879 1062 1958 sequentia

74 1969 262 2032 ostendunt:
283 1969 446 2051 hcctdaqac
470 1969 608 2032 aetheria
630 1969 718 2049 ponit
739 1969 924 2032 discrimina
947 1972 1062 2036 mando
1075 1991 1114 2035 toa

74 2086 141 2147 qua
155 2065 230 2129 ictcit
243 2065 400 2132 Oceanum
406 2064 562 2147 flammas
575 2065 607 2127 in
621 2074 787 2146 atrumque
799 2074 939 2144 rapaces,
953 2086 989 2130 ea
1003 2067 1062 2130 sci·

74 2161 151 2229 licet
170 2160 248 2222 caeli
267 2161 398 2241 regione
419 2159 482 2221 iam
502 2159 561 2222 iter
581 2159 661 2238 facit,
683 2179 746 2241 qua
766 2159 932 2223 Oceanum
953 2177 984 2224 et
1003 2167 1061 2224 At-

74 2255 228 2318 lanticum
242 2271 272 2318 et
286 2256 391 2318 Eoum
405 2255 570 2316 inlustrare
584 2255 692 2335 possit,
710 2255 729 2317 i.
741 2276 767 2318 e.
783 2255 816 2317 in
829 2273 957 2316 summo
973 2257 1060 2318 caelo

68 2351 163 2432 ponit
173 2350 367 2424 dc'scrimina,
388 2349 426 2412 cf.
440 2353 520 2411 Aen.
539 2370 582 2427 11,
604 2352 655 2429 ¹43
675 2350 757 2413 lucet
771 2350 826 2413 vra
846 2349 937 2430 langa
951 2349 1061 2413 ardau

66 2446 283 2529 flammarum
315 2453 347 2507 et
377 2443 439 2506 late
467 2443 667 2507 discriminat
693 2464 805 2525 agros,
837 2444 928 2506 Lucr.
952 2447 977 2523 5,
1001 2446 1060 2524 690

75 2551 209 2622 aequata
223 2540 342 2604 caelum
355 2539 536 2602 discrimine
548 2548 676 2604 nutans.
715 2537 823 2600 aestivi
840 2537 902 2599 diei
916 2554 1059 2620 quartam

77 2637 143 2699 fere
164 2637 277 2698 horam
296 2634 460 2715 significat,
485 2654 548 2715 qua
575 2633 717 2697 officium
742 2652 836 2693 suum
862 2632 935 2696 facit
954 2649 1059 2714 pastor

76 2747 107 2793 et
133 2748 263 2812 gregem
288 2729 328 2791 ad
353 2729 457 2791 rivum
481 2729 545 2809 agit
570 2727 757 2810 (repetebant
778 2747 806 2789 v.
832 2729 884 2791 105
907 2729 1112 2809 quoniamae

76 2825 278 2887 redeundum
292 2839 357 2885 erat
370 2823 451 2885 infra
465 2823 582 2886 montis
596 2823 729 2904 iugum),
750 2824 926 2884 secundum
940 2823 1060 2904 Vergili

76 2939 185 3001 georg.
203 2921 229 2997 3,
245 2921 300 2997 327
315 2940 359 3001 sq.
380 2918 429 2997 (cf.
444 2917 594 2980 Varronis
614 2937 671 2980 rer.
689 2933 764 2979 rust.
780 2937 807 2997 2,
822 2937 849 2996 2,
868 2939 966 2999 rosq.‚
988 2918 1059 2980 Col.

76 3035 105 3093 7,
127 3015 154 3093 3,
175 3015 212 3074 23
228 3015 293 3094 sql.
334 3013 448 3076 deinde
469 3014 507 3092 (v.
527 3033 578 3092 107
600 3012 666 3075 ram
680 3012 801 3076 mcdc'as
813 3000 1061 3094 aperumpartcs
1073 3033 1111 3077 ror

75 3118 196 3171 evectus
215 3118 288 3170 erat
303 3107 363 3187 sol)
384 3108 488 3171 statim
509 3124 580 3188 post
601 3107 765 3170 meridiem
787 3106 931 3184 (aestibus
950 3106 1061 3170 medias

76 3203 236 3284 Vergilius
255 3223 284 3264 v.
301 3204 367 3281 331)
393 3203 426 3264 in
456 3201 566 3263 silvam
598 3203 730 3283 capellas
762 3201 855 3282 cogit.
905 3202 1061 3263 contrahit

78 3299 144 3359 duo
169 3296 273 3359 officia
298 3297 488 3378 Calpurnius
510 3299 536 3370 5,
562 3297 676 3376 56—59
697 3297 745 3374 (56
763 3296 801 3358 cf.
823 3295 915 3376 Verg.
935 3317 964 3356 v.
983 3297 1058 3373 328).

156 3391 190 3452 ln
210 3411 303 3453 versu
322 3413 375 3472 1⁰9
395 3402 431 3455 at
441 3390 558 3472 procul
566 3390 692 3472 aspexit
702 3390 768 3453 luca
783 3388 923 3452 residere
935 3389 1135 3464 vicentinam.

76 3486 173 3550 Delia
187 3485 272 3558 droa,
286 3495 337 3548 tica
348 3485 418 3566 quis
430 3486 611 3549 criticorum
622 3507 688 3548 non
700 3486 771 3547 fecit
786 3484 903 3565 ingenii
913 3485 1058 3567 vestigia?

76 3581 132 3643 sed
152 3581 259 3642 nullus
280 3601 358 3660 apex
378 3581 492 3642 mutari
509 3582 610 3642 debet.
652 3599 748 3660 quam
765 3595 965 3660 expectamus
984 3601 1060 3660 apo-

78 3677 179 3755 dosin,
196 3695 264 3737 eam
282 3696 347 3738 non
362 3676 497 3738 reddidit
510 3691 613 3757 poeta,
630 3675 771 3756 quaesito
791 3675 907 3737 scilicet
927 3675 1059 3738 artificio
