2578 4242
473 341 518 388 AD
532 341 559 390 V.
573 355 677 404 294-295
1023 346 1061 426 89

72 539 175 603 vates,
211 523 262 586 hic
291 523 401 606 proavi
434 543 546 606 regum
576 525 806 604 Troianorum,
840 526 892 588 hic
925 526 1061 608 denique

73 615 256 682 Dardania
281 617 388 700 proles
416 639 498 701 quae
526 619 635 683 deinde
662 630 815 702 sequentr.
860 622 943 684 haec
968 620 1062 701 igitur

73 735 148 777 non
173 712 281 776 omnia
305 713 338 775 in
364 715 476 778 Culice
500 713 577 780 item
602 715 797 798 deprehendi
826 716 898 778 satis
923 730 1061 797 apparet.

74 809 186 872 statim
212 808 246 870 in
271 806 381 871 limine
406 827 480 873 cum
501 810 641 873 Cerbero
662 806 838 891 Tisiphone
864 812 985 876 animas
1010 832 1063 875 ex·

74 918 208 985 spectat,
229 918 311 984 quae
330 904 416 985 apud
431 901 606 985 Vergilium
627 907 665 984 (v.
683 907 747 984 555)
768 920 918 969 nocentes
932 905 1062 987 quidem

75 997 229 1076 custodit,
254 997 309 1061 sed
334 997 463 1060 diverso
483 998 571 1075 loco;
600 1000 705 1064 statim
728 999 913 1063 nocentium
935 1002 1062 1064 turbam

75 1094 174 1156 culex
199 1107 349 1175 pererra13
380 1113 408 1154 v.
422 1094 479 1155 258
505 1093 539 1156 in
561 1093 685 1157 diversa
710 1095 779 1157 loca
804 1095 944 1157 aufertur
968 1108 998 1158 et
1023 1095 1063 1157 ad

75 1188 222 1270 Elysiam
243 1188 372 1269 quidem
393 1188 513 1250 undam
532 1189 627 1269 (apud
642 1189 817 1270 Vergilium
832 1190 987 1254 Eridanus
1001 1200 1064 1275 per

76 1281 198 1345 silvam
217 1281 354 1346 volutetur
375 1283 539 1344 beatorum
553 1302 582 1345 v.
597 1283 664 1363 659,
685 1284 724 1346 cf.
744 1285 923 1347 Knaackius
944 1300 1062 1366 quaest.

79 1377 215 1443 Phaeth.
240 1379 284 1455 ιι)
306 1377 453 1450 defertur,
479 1392 576 1458 quam
600 1377 673 1440 hinc
693 1376 934 1442 eliminaverunt
960 1399 1063 1461 neque

77 1487 189 1534 tamen
215 1472 386 1553 quicquam
411 1472 522 1534 lucrati
546 1488 619 1534 sunt
638 1473 812 1537 Eridanum
830 1475 1063 1538 substituentes.

78 1567 139 1628 sed
165 1586 230 1630 uno
257 1586 312 1630 ore
334 1567 423 1630 aiunt
443 1567 495 1630 hic
514 1567 628 1630 intrare
650 1567 783 1632 culicem
803 1584 933 1651 campos
952 1570 1066 1651 lugen-

78 1662 173 1740 tium,
194 1682 222 1724 v.
237 1664 293 1743 ²9⁵
314 1659 370 1724 ubi
389 1657 461 1724 sede
474 1660 604 1742 piorum
623 1661 739 1742 legitur
752 1662 895 1745 Elysium
916 1663 1063 1745 incipere.

79 1757 176 1837 quid,
201 1756 335 1834 malunt,
361 1757 411 1819 isti
436 1757 508 1818 loco
535 1773 609 1818 cum
637 1757 817 1836 lugentibus
842 1759 961 1840 campis
984 1779 1065 1840 quos

78 1851 172 1914 novit
197 1849 371 1932 Vergilius?
403 1852 520 1934 quippe
551 1869 629 1932 quas
659 1850 722 1913 illic
746 1849 882 1914 vidimus
907 1853 1064 1932 mulieres,

78 1963 193 2008 earum
218 1965 258 2006 ne
283 1963 380 2008 unam
405 1944 536 2027 quidem
559 1946 651 2009 culex
670 1945 768 2023 videt,
796 1945 896 2009 immo
922 1947 1065 2011 heroidas

79 2039 224 2102 melioris
244 2055 347 2116 notae,
372 2040 512 2103 Alcestin
536 2041 719 2124 Penelopen
739 2040 919 2123 Eurydicen
940 2058 1064 2106 etcum

78 2135 216 2216 Orpheo
242 2135 381 2217 quidem,
406 2137 462 2218 qui
487 2136 581 2199 etiam
605 2135 747 2218 Vergilio
774 2139 882 2202 beatus
906 2149 965 2215 est;
991 2157 1065 2201 nam

79 2229 216 2293 feminas
237 2231 341 2293 beatas
362 2231 487 2294 omittit.
520 2246 671 2295 secuntur
690 2233 802 2293 heroes
822 2231 896 2294 inde
917 2253 934 2295 a
954 2253 982 2294 v.
998 2237 1065 2314 295,

78 2324 187 2406 graeci
200 2325 349 2406 primunt,
363 2327 478 2390 deinde
493 2327 625 2390 romani.
646 2323 774 2389 tandem
789 2325 821 2387 in
831 2326 963 2390 Tartara
973 2329 1067 2392 culici

79 2419 283 2484 redeundum
294 2436 340 2485 est
350 2423 438 2501 (372).
459 2422 536 2503 quid
548 2439 624 2503 ergo
636 2427 698 2484 est?
720 2421 983 2503 simplicissimam
994 2423 1066 2485 lacit

79 2530 112 2575 et
132 2514 297 2595 vulgarem
318 2517 493 2580 inferorum
513 2517 759 2597 descriptionem
780 2517 880 2595 culex,
901 2517 1066 2579 damnato-

80 2629 156 2672 rum
169 2610 239 2673 loca
254 2612 339 2675 videt
353 2609 391 2692 (v.
406 2613 571 2691 alt-257)
586 2626 617 2674 et
631 2613 796 2674 beatorum
811 2611 996 2690 (stt-371),
1010 2612 1066 2674 sed

81 2725 123 2768 ne
145 2706 205 2768 hos
225 2706 355 2788 quidem
376 2721 411 2770 ut
427 2701 622 2770 beatissimos
637 2721 778 2769 recenset
792 2720 921 2789 propter
934 2705 1065 2768 nimiam

81 2801 182 2882 ipsius
207 2800 377 2878 tristitiam3
401 2798 474 2864 vide
499 2821 596 2884 quam
619 2802 732 2864 misere
753 2815 902 2883 queratur
922 2801 1065 2886 Elysium

82 2896 291 2977 ingressurus.
325 2899 432 2959 beatos
452 2911 558 2960 autem
571 2918 590 2958 a
604 2897 791 2962 nocentibus
805 2896 926 2959 flumen
939 2896 1066 2974 dirimit,

83 2993 176 3054 cuius
205 3007 326 3055 nomen
356 3007 422 3055 non
452 2992 561 3056 adfert.
606 3008 700 3074 atque
731 2990 1004 3073 quemadmodum
1034 2989 1067 3052 in

82 3103 151 3150 tota
175 3104 283 3150 rerum
309 3086 515 3170 dispositione
541 3103 637 3169 quam
663 3087 799 3148 maxime
829 3103 848 3147 a
870 3084 1011 3164 Vergilio
1037 3099 1067 3146 et

84 3184 125 3245 de
146 3182 299 3244 industria
318 3181 473 3261 discrepat
492 3181 536 3243 sic
557 3181 589 3243 in
610 3196 811 3244 mortuorum
830 3179 1066 3242 enumeratione

84 3293 194 3360 aperto
214 3275 320 3340 studio
335 3276 466 3340 nomina
481 3274 603 3357 quaerit
618 3291 636 3336 a
649 3275 791 3356 Vergilio
806 3273 931 3352 omissa,
952 3273 1067 3336 omittit

84 3375 185 3436 abeo
208 3386 369 3453 usurpata;
394 3384 438 3448 ut,
463 3368 523 3432 nisi
548 3369 672 3450 singula
697 3368 853 3449 quaedem
876 3368 1066 3430 imitatorem

85 3468 266 3550 proderent,
290 3466 427 3528 dubitari
447 3478 552 3547 posset
575 3481 654 3527 num
675 3463 769 3526 huius
790 3463 936 3526 carminis
957 3477 1068 3526 auctor

86 3562 306 3645 Vergilianum
326 3561 471 3624 novisset

164 3658 261 3736 Quod
286 3657 313 3719 si
333 3656 461 3738 Orphea
486 3666 517 3717 et
540 3653 720 3737 Eurydicen
744 3653 816 3715 satis
842 3653 997 3715 allocutus
1021 3653 1144 3721 situatur.
