2600 4242
234 347 270 407 50
589 339 849 386 cotruauramvs

233 559 267 568 -
289 541 414 602 zamma
433 520 531 584 anam
550 520 651 583 virritt'
672 519 813 582 radicem
832 529 977 582 moverat
998 520 1061 582 alte
1085 541 1227 601 quercus

231 619 326 682 tuneo
347 633 381 679 ut
401 617 519 680 Seneca
534 617 626 678 Herc.
644 619 697 694 572
718 635 799 696 qnae
817 613 916 677 silvas
933 624 966 677 et
981 635 1057 677 aves
1074 635 1227 697 saxaque

232 722 384 777 traxerat
393 732 460 785 ars,
471 732 551 792 qaae
556 710 753 792 praebuerat
750 709 940 793 flammatus
949 730 1068 784 moras,
1078 710 1129 773 ad
1134 713 1227 773 cuius

231 808 365 872 sonitmn
389 807 591 870 constiterant
602 807 710 886 ferae,
736 826 817 887 quos
841 807 930 867 locos
955 805 1010 868 ubi
1036 805 1226 887 inspexeris,

234 905 313 968 feras
327 903 463 985 aptiores
478 902 552 964 huic
566 903 638 964 loco
655 902 749 963 fuisse
763 900 939 981 intellegas;
957 921 1015 962 nec
1029 917 1136 962 certus
1149 921 1225 962 sum

234 1015 342 1082 poetae
358 1019 398 1060 an
411 997 540 1061 librario
554 997 646 1059 silvas
662 997 827 1077 imputem.
868 995 906 1057 cf.
922 996 1064 1058 Bauerus
1078 995 1098 1058 l.
1114 1017 1139 1058 s.
1155 997 1224 1058 365.

182 1111 221 1161 tis
236 1131 270 1142 -
292 1115 320 1155 v.
342 1101 566 1173 119quantum
586 1090 760 1154 Bembinus
786 1091 894 1168 habet,
922 1110 1019 1172 quam
1043 1091 1226 1153 Thuaneus

235 1187 504 1270 Cantabrigiensis
517 1187 577 1267 alii,
591 1207 688 1268 qnam
703 1196 768 1248 tam
778 1186 982 1248 Colbertinus
996 1201 1028 1248 et
1036 1187 1226 1262 Vossianus,

236 1303 313 1364 ergo
334 1283 367 1343 in
388 1283 572 1363 apographo
593 1281 701 1362 aliquo
722 1281 786 1342 sive
813 1281 845 1342 in
870 1279 940 1361 ipso
962 1282 1137 1363 archetypo
1159 1292 1227 1344 men

237 1377 391 1441 omissum
412 1392 443 1439 et
462 1377 708 1458 superscriptum
729 1391 802 1437 erat.
842 1395 939 1456 quam
959 1385 1024 1438 mm
1044 1392 1155 1439 autem
1170 1398 1227 1439 ne-

237 1491 397 1554 quaquam
412 1473 525 1534 melius
539 1487 592 1549 est,
613 1471 771 1552 siquidem
784 1490 878 1551 egere
894 1492 925 1532 v„
943 1472 997 1532 116
1010 1471 1226 1552 frequentiam

237 1568 369 1632 actionis
400 1568 528 1646 indicat,
560 1588 626 1629 non
656 1582 773 1629 certam
801 1566 941 1646 aliquam
968 1567 1100 1639 saltandi
1132 1587 1229 1630 occa-

236 1663 369 1727 sionem.
405 1663 524 1744 pernir
549 1662 682 1725 restituit
706 1660 879 1724 Vossianus
906 1662 1036 1743 (pernig
1056 1663 1130 1724 libri
1158 1683 1227 1725 non

236 1759 437 1839 interpolati),
458 1759 546 1839 quod
566 1777 631 1820 non
652 1776 725 1819 cum
746 1756 862 1819 chorea
882 1756 1146 1839 coniungendum
1169 1774 1226 1831 est,

236 1857 308 1918 licet
323 1854 487 1918 Lucretius
502 1855 615 1916 habeat
629 1871 656 1929 2,
677 1853 733 1913 635
756 1871 825 1914 rum
838 1851 938 1933 paeri
955 1851 1228 1933 circumpuerum

233 1949 359 2032 pernice
378 1950 493 2013 chorea
518 1947 641 2010 armati
664 1947 696 2010 in
723 1965 889 2010 nanterum
909 1947 1078 2028 pulsarent
1093 1947 1230 2036 aeribus

239 2063 319 2106 aera
340 2043 388 2121 (cf.
410 2043 570 2123 Silligius),
590 2043 645 2105 sed
667 2061 741 2104 cum
762 2041 853 2116 debas
873 2062 977 2123 neque
998 2043 1083 2104 enim
1102 2057 1228 2105 temere

239 2141 324 2200 iuxta
350 2137 455 2218 posuit
477 2137 599 2218 pernix
628 2146 850 2199 remorantem.
901 2136 981 2199 illud
1010 2147 1229 2199 remorantem

240 2253 370 2315 compar
390 2232 510 2295 accedit
530 2232 570 2293 ad
590 2241 768 2306 restantem,
788 2235 885 2294 ambo
900 2232 1060 2312 participia
1074 2231 1228 2294 effectum

239 2329 388 2406 indicant,
413 2329 509 2389 ambo
535 2347 601 2388 uno
628 2330 726 2388 verbo
752 2343 904 2408 reguntur
929 2328 1017 2409 quod
1044 2342 1089 2390 est
1113 2328 1230 2400 tenuat

241 2426 392 2488 leviorem
418 2423 513 2505 igitur
537 2441 717 2484 sermonem
746 2423 834 2503 quod
855 2423 997 2485 fecerunt
1016 2425 1112 2484 verbo
1133 2422 1229 2485 finito

240 2525 472 2595 (remorantur)
492 2517 672 2595 substituta
693 2533 802 2579 contra
819 2533 931 2598 poetae
952 2517 1121 2579 consilium
1141 2515 1230 2578 fece·

241 2632 323 2678 runt.
364 2613 479 2677 chorea
503 2613 529 2674 si
555 2613 625 2693 quis
650 2612 828 2674 subiectum
855 2633 921 2675 esse
952 2613 1035 2674 dicat
1060 2632 1133 2674 cum
1160 2633 1230 2692 quo

242 2711 441 2791 participium
463 2710 584 2789 plurale
605 2707 812 2770 coniunctum
836 2707 875 2770 sit
885 2708 1064 2788 Jimdentes,
1091 2725 1158 2769 non
1181 2709 1231 2768 ni-

244 2803 345 2866 mium
371 2822 465 2864 ausus
493 2823 559 2864 esse
584 2803 727 2864 videatur
753 2818 860 2885 poeta;
886 2804 924 2866 cf.
948 2804 1024 2868 Tac.
1046 2822 1117 2865 ann.
1138 2821 1168 2881 4,
1192 2823 1230 2880 29

241 2896 334 2978 anmi
344 2931 382 2940 —
394 2896 639 2979 parricidarum
652 2907 773 2978 poenas
792 2896 1012 2960 minitantium.
1049 2898 1105 2960 sed
1124 2913 1231 2978 potest

242 2992 358 3054 chorea
372 2991 525 3054 ablativus
539 3012 605 3054 esse
620 3008 655 3053 ut
669 2992 929 3073 subintellegatur
941 3001 1106 3056 tenuerunt
1123 2993 1230 3074 (nym-

242 3086 499 3168 phaefitadentas
506 3086 652 3167 gaudeo).
682 3087 726 3148 sic
740 3088 874 3150 trahitur
883 3104 977 3169 poeta
990 3089 1031 3150 ad
1041 3090 1229 3150 umbrosam

244 3183 459 3265 nympharum
474 3183 607 3245 domum
622 3182 870 3245 describendam.
905 3184 956 3245 cui
975 3186 1126 3246 arborum
1146 3199 1230 3244 cata-

167 3280 320 3359 analoga
331 3279 508 3357 (123-145)
530 3278 618 3358 quasi
632 3280 802 3358 respondet
815 3279 932 3341 florum
946 3280 978 3340 in
993 3279 1055 3341 fine
1069 3279 1229 3350 carminis,

244 3373 417 3454 simplici0r
442 3373 494 3435 ille
515 3375 609 3435 rebus
630 3389 660 3436 et
680 3373 792 3436 verbis.
834 3374 872 3435 cf.
885 3373 977 3436 Ovid.
995 3389 1049 3436 art.
1063 3375 1090 3451 3,
1110 3375 1168 3451 687
1183 3395 1228 3454 sq.

245 3469 377 3531 fabellae
408 3484 580 3549 tanguntur
616 3484 737 3547 praeter
767 3488 902 3548 quercus
932 3469 1060 3530 oracula
1090 3469 1169 3548 (134)
1202 3485 1230 3532 et

245 3563 357 3643 pinum
387 3568 645 3645 Argonautarum
676 3565 763 3642 (137)
797 3564 854 3625 loti
884 3564 971 3642 (124)
1005 3564 1117 3645 populi
1152 3567 1230 3642 (127)

246 3657 405 3736 amygdali
425 3658 504 3734 (151)
527 3657 620 3737 myrti
642 3659 729 3736 (145),
755 3677 867 3720 omnes
887 3658 1063 3721 secundum
1084 3661 1230 3722 novellos
