2578 4242
254 349 263 388 1
274 347 308 390 10
607 323 866 372 COMMENTARIVS

240 507 439 589 furibundus
458 505 661 568 moribundus
687 520 717 566 et
737 505 835 567 addit:
865 505 1018 586 excipitur
1041 506 1221 568 alternitatis

249 623 346 665 causa
370 601 569 674 rubicundus,
595 600 680 681 qued
700 599 733 661 in
749 599 946 681 paenultima
964 599 1087 680 syllaba
1099 611 1164 682 pro
1182 600 1221 662 bc

249 697 370 771 babuit,
397 717 435 759 ue
458 695 501 758 sit
522 694 685 768 absonum,
710 695 741 756 si
762 693 956 758 rubtlandus
979 695 1127 757 dicamus.
1172 693 1221 756 sed

250 813 289 855 ne
302 791 478 854 rubicunda
498 790 627 872 quidem
648 811 718 852 rosa
739 790 858 871 optime
878 789 972 851 simul
988 799 1152 870 purpurea
1171 809 1222 850 vo-

252 901 347 950 catur.
388 886 451 947 iam
471 886 672 948 arcessendus
693 901 738 947 est
758 885 939 962 Vossianus,
960 884 1015 965 qui
1037 903 1163 946 versum
1182 884 1221 944 sic

250 981 401 1062 scriptum
422 980 561 1042 exhibet:
587 1000 641 1042 uec
664 1001 740 1044 rasa
761 989 957 1060 purpureum
983 989 1122 1042 crescent
1136 978 1220 1060 padi

251 1076 355 1139 bnndn
367 1074 525 1138 ruborem.
553 1075 587 1136 in
601 1094 664 1155 qua
677 1075 830 1154 scriptura
842 1074 980 1155 primum
996 1075 1221 1138 observandum

250 1187 295 1233 est
309 1169 593 1250 interpolationem,
610 1169 635 1230 si
650 1189 730 1249 quae
744 1185 798 1248 est,
813 1189 878 1231 non
892 1170 932 1231 ad
946 1169 1050 1251 ipsum
1063 1171 1220 1233 librarium

248 1265 413 1345 pertinere,
434 1283 507 1326 nam
522 1279 687 1343 corruptus
701 1263 753 1327 hic
767 1285 896 1347 quoque
909 1285 1017 1328 versus
1032 1282 1091 1344 est3
1116 1266 1220 1328 deinde

249 1357 426 1420 rublbnuda
449 1358 595 1421 Bembini
620 1359 772 1440 scriptura
802 1379 840 1422 ex
870 1360 1015 1423 Vossiani
1042 1359 1221 1441 pudibunda

249 1453 343 1541 etiam
364 1451 484 1514 facilius
506 1452 663 1516 derivatur
677 1473 773 1536 quam
787 1475 824 1516 ex
839 1456 1036 1536 reliquorum
1051 1471 1221 1518 correctura

249 1568 329 1628 quae
360 1547 423 1609 iam
454 1567 519 1611 esse
549 1549 673 1612 videtur
701 1547 884 1613 rubicunda.
945 1549 1073 1612 Colum.
1104 1572 1146 1628 ro,
1175 1567 1220 1610 102

247 1664 324 1708 rosa
339 1642 434 1725 puna
449 1643 591 1724 pudoris,
612 1644 650 1707 cf.
666 1645 731 1707 260.
773 1665 812 1706 eo
832 1645 927 1726 igitur
947 1645 1076 1708 inclinat
1096 1645 1221 1717 animus,

248 1755 283 1800 ut
303 1741 385 1801 hanc
406 1759 534 1821 quoque
555 1739 700 1803 Vossiani
724 1739 910 1820 scripturam
932 1740 966 1801 in
986 1759 1096 1802 earum
1118 1757 1222 1802 nurne-

248 1852 320 1895 rum
345 1833 478 1895 referam
500 1855 577 1915 quas
600 1835 632 1896 in
658 1834 706 1896 his
731 1834 848 1896 ultimis
874 1850 1001 1896 centum
1024 1835 1166 1896 versibus
1188 1853 1220 1894 cx

248 1930 360 1989 veteris
386 1928 502 1990 codicis
529 1928 705 2008 fragmento
730 1929 769 1990 ad
790 1929 934 1991 Vossiani
955 1931 1116 2010 exemplar
1136 1928 1222 1992 ascri·

248 2037 315 2102 ptas
339 2022 433 2084 luisse
455 2023 656 2086 coniecimus.
696 2038 790 2104 atque
817 2025 1057 2086 concedendum
1081 2040 1130 2087 est
1148 2027 1221 2087 hanc

249 2115 384 2178 formam
404 2136 512 2178 versus
539 2117 667 2181 fortasse
693 2119 751 2200 ipsi
776 2135 887 2200 poetae
908 2119 1126 2181 ascribendam
1147 2136 1222 2181 esse:

247 2220 278 2273 et
295 2231 370 2274 rasa
383 2221 582 2292 pterpurenm
605 2233 744 2276 crescens
757 2212 943 2295 pudibunda
967 2213 1132 2288 ruborem;
1156 2229 1222 2274 nam

248 2305 436 2368 adiectivum
459 2328 568 2370 secum
593 2309 678 2371 ducit
703 2327 821 2370 nomen
847 2309 934 2388 quod
959 2323 1005 2370 est
1028 2308 1177 2370 ruborem
1196 2319 1222 2367 et

248 2400 419 2462 ablativum
445 2407 559 2465 casum'
578 2404 725 2466 substitui
749 2423 815 2464 non
841 2418 886 2464 est
909 2422 1043 2465 necesse.
1085 2402 1220 2465 mirabile

248 2497 280 2557 in
301 2497 360 2558 hac
380 2496 532 2577 scriptura
552 2497 664 2560 accidit
684 2497 772 2578 quod
788 2507 970 2578 purpureus
989 2497 1089 2560 rubor
1108 2496 1222 2560 locutio

248 2606 293 2654 est
314 2589 482 2654 Ovidiana:
503 2593 578 2654 trist.
598 2611 627 2671 4,
649 2593 676 2669 3,
697 2611 735 2669 70
752 2601 934 2672 purpureus
951 2627 989 2638 -
1008 2593 1040 2655 in
1055 2613 1111 2654 ore
1128 2591 1221 2654 ruber

248 2686 291 2762 (in
313 2685 486 2747 Amoribus
499 2696 683 2768 purpureus
701 2686 810 2760 rubor,
836 2687 873 2748 cf.
894 2687 1009 2750 Bittius
1029 2688 1048 2749 l.
1070 2709 1093 2749 s.
1114 2708 1144 2769 p.
1164 2687 1223 2766 49);

248 2779 319 2842 Sen.
342 2780 459 2842 Phaed.
482 2781 538 2859 376
568 2801 629 2844 nau
658 2801 718 2843 ara
748 2780 890 2861 unguens
918 2781 1019 2845 nu'tt'da
1044 2792 1223 2863 prerpurms

194 2889 234 2934 400
248 2873 356 2936 rubor.
397 2874 453 2936 sed
473 2876 551 2936 haec
572 2875 760 2938 dubitationi
774 2877 920 2938 obnoxia.
961 2892 1146 2957 sequentem
1159 2893 1222 2937 ver-

247 2990 319 3032 sum
339 2985 375 3032 ut
395 2969 428 3032 in
448 2986 626 3032 transcursu
647 2971 902 3052 perstringamus,
923 2989 1019 3034 nemo
1039 2973 1072 3034 in
1093 2973 1221 3035 dubium

248 3081 339 3129 vocet
364 3085 453 3128 amne
470 3085 582 3147 genus,
612 3065 662 3128 lu'c
686 3075 733 3129 est
753 3081 882 3147 propter
907 3067 988 3128 arsin
1014 3067 1048 3128 in
1075 3068 1219 3130 incisione

248 3177 382 3234 auctam,
404 3181 477 3222 cum
492 3161 692 3242 praecesserit
713 3161 767 3240 395
783 3169 958 3242 congestum
971 3161 1222 3244 cumuuvaopus

248 3266 340 3337 atque
366 3255 413 3335 (cf.
440 3274 494 3334 124
513 3255 623 3318 aeriae
639 3254 775 3336 platani,
802 3256 883 3318 luter
906 3275 987 3337 quas
1010 3255 1109 3337 nupta
1128 3257 1221 3333 lates];

247 3353 302 3414 sed
322 3351 515 3432 synaloepha
534 3359 566 3412 et
582 3350 682 3412 uiolae
701 3369 790 3412 omne
802 3370 914 3431 gentes,
936 3349 1101 3414 durissima
1122 3353 1154 3414 in
1171 3369 1220 3412 vo-

248 3448 361 3509 cabulo
382 3444 589 3526 anapaestico,
610 3448 648 3507 ab
669 3444 730 3507 hoc
750 3461 842 3525 poeta
862 3445 964 3508 aliena
979 3461 1033 3524 est,
1057 3451 1219 3510 verborum

247 3556 353 3602 autem
373 3539 574 3621 transpositio
599 3539 709 3601 similis
730 3539 809 3601 lacta
828 3559 919 3602 versu
943 3541 1148 3620 subsequenti
1169 3555 1217 3620 402

247 3633 339 3697 deam
350 3653 493 3714 surgens,
524 3634 755 3714 frequentatum
764 3653 868 3714 genus
880 3655 969 3698 oruue
983 3651 1017 3700 ut
1030 3656 1121 3700 amne
1127 3651 1220 3719 gmut
