2578 4242
219 342 257 419 98
577 333 836 381 COMMENTARIVS

217 521 287 582 suit.
328 517 429 580 simile
454 515 531 597 quid
557 515 589 577 in
614 515 728 577 eodem
753 533 902 576 versuum
928 513 1060 578 circuitu
1084 515 1213 577 accidit

165 627 205 673 aar
217 636 245 676 v.
262 614 327 693 334,
350 613 404 676 ubi
424 611 511 693 quod
530 607 686 690 praeclara
703 608 922 671 emendatione
937 607 1136 671 Ribbeckius
1160 629 1214 672 re-

217 708 315 771 stituit
334 727 528 790 generamen
549 703 660 786 prolis,
690 703 734 764 sic
764 704 901 765 reddunt
931 703 1070 766 codices:
1094 723 1214 784 gener

218 804 332 886 amplas
351 803 370 865 i.
385 823 411 865 e.
420 799 578 885 generar'r'r
585 797 653 880 plu
673 799 710 876 (v.
722 815 815 878 supra
826 818 855 877 p.
867 819 917 875 203
939 796 1212 860 Hildebrandtius

219 919 248 981 p.
262 899 321 978 41),
352 897 524 961 Vossianus
553 894 611 956 sic:
636 911 830 974 generamen
853 891 978 973 probis,
1007 911 1073 953 non
1105 909 1211 972 recte,

219 1014 293 1056 sane
315 1012 381 1054 non
400 987 594 1070 interpolate.
633 986 748 1049 eodem
767 986 949 1050 referendae
970 1002 1041 1048 sunt
1064 987 1153 1050 aliae
1175 989 1211 1050 in

221 1088 279 1150 hac
300 1102 387 1168 parte
410 1084 580 1164 scripturae
600 1080 783 1144 emendatae
803 1082 854 1144 vel
871 1083 1027 1145 Bembino
1048 1083 1211 1146 emenda·
1284 1141 1285 1158 ,

220 1183 324 1260 tiores,
355 1181 387 1243 in
414 1180 528 1260 quibus
555 1197 628 1238 sane
654 1191 726 1238 sunt
757 1196 837 1257 quae
868 1177 1047 1240 coniectura
1076 1179 1211 1258 possint

220 1291 310 1338 natae
331 1295 412 1352 esse3
432 1273 504 1336 vide
524 1293 551 1334 v.
568 1273 622 1335 312
643 1269 698 1334 1011
718 1271 775 1334 330
795 1272 859 1352 ipse
880 1273 937 1351 340
955 1271 1123 1353 quisquam
1149 1275 1209 1353 343

221 1388 324 1451 argon
341 1377 450 1448 petens
475 1369 530 1429 355
551 1387 687 1448 egeaque
712 1367 767 1428 362
788 1364 945 1430 moritura
966 1367 1023 1434 370
1041 1367 1212 1447 scapaizdas

223 1464 278 1543 378
299 1460 380 1524 mali
396 1483 450 1524 nec
471 1464 527 1542 399
543 1460 725 1543 pudibunda
749 1476 779 1524 et
798 1461 824 1522 si
845 1481 925 1542 quae
946 1477 1106 1542 praeterea
1128 1478 1210 1526 sunt

221 1555 469 1640 interpolationis
489 1555 660 1635 suspicioni
673 1574 739 1617 non
754 1555 901 1619 obnoxia.
936 1557 1012 1637 quid
1027 1551 1124 1637 igitur
1140 1561 1209 1620 est?
1285 1541 1286 1566 ³

222 1655 416 1716 habemusne
436 1650 554 1713 librum
574 1651 694 1730 optima
718 1649 812 1731 stirpe
837 1651 1010 1713 oriundum
1030 1652 1086 1713 sed
1105 1651 1207 1715 foede

221 1748 456 1832 interpolatum,
477 1745 531 1826 qui
550 1747 660 1825 ‘genus
673 1744 801 1825 ingenio
816 1744 1000 1824 improbet'?
1018 1745 1052 1806 id
1070 1745 1096 1806 si
1107 1763 1207 1825 esset,

222 1845 343 1906 malum
372 1841 490 1903 factum
520 1854 599 1902 esset
629 1839 717 1921 quod
747 1858 904 1920 nusquam
936 1839 1000 1902 fere
1031 1839 1098 1901 eius
1126 1839 1206 1902 libri

222 1938 377 2000 rationem
402 1935 579 1997 habuimus.
625 1934 772 1996 sednon
798 1933 996 2015 deliquimus.
1040 1954 1204 2015 nusquam

223 2032 309 2094 enim
328 2031 389 2092 nisi
408 2029 489 2092 circa
509 2030 568 2091 hos
588 2027 673 2110 ipsos
694 2049 774 2110 quos
795 2044 963 2091 tractamus
982 2047 1090 2091 versus
1110 2029 1205 2110 quic-

223 2144 319 2206 quam
340 2123 414 2186 boni
434 2124 467 2185 in
490 2123 624 2186 lectione
644 2124 800 2187 Vossiano
826 2124 953 2204 propria
977 2123 1071 2201 inest;
1095 2143 1204 2204 neque

223 2219 287 2282 ulla
308 2219 400 2281 datur
412 2217 603 2298 quaestionis
617 2219 732 2281 solutio
744 2218 803 2280 nisi
817 2220 909 2281 haec:
930 2217 1015 2280 venit
1028 2218 1205 2280 Vossianus

225 2335 262 2378 ex
283 2314 397 2376 eodem
417 2314 499 2376 libro
525 2334 562 2378 ex
588 2332 653 2394 quo
674 2313 847 2376 Bembinus
872 2329 902 2374 et
927 2311 1040 2393 reliqui
1060 2311 1127 2374 sine
1149 2333 1205 2374 ex-

223 2411 368 2492 ceptione
394 2429 506 2471 omnes
531 2423 561 2470 et
586 2408 699 2489 integri
724 2425 763 2487 et,
787 2424 822 2469 ut
846 2407 898 2468 ille
925 2423 983 2485 est,
1007 2407 1204 2488 interpolati;

223 2506 279 2568 sed
308 2505 340 2568 in
363 2505 506 2568 Vossiani
537 2503 708 2586 exemplari
734 2503 846 2584 aliquis
871 2503 911 2563 ad
931 2501 1035 2564 ultimi
1056 2501 1205 2564 carminis

224 2619 341 2680 paucos
365 2619 473 2661 versus
497 2599 616 2678 variam
642 2599 812 2662 lectionem
837 2597 998 2660 adnotavit
1024 2617 1061 2660 ex
1086 2597 1206 2660 codicis

224 2694 337 2756 vetusti
357 2693 548 2774 fragmento;
569 2693 624 2774 qui
645 2694 745 2756 codex
758 2692 901 2754 eiusdem
914 2691 1018 2772 stirpis
1034 2707 1099 2754 erat
1114 2693 1205 2755 cuius

225 2785 407 2865 Bembinus‚
435 2803 469 2849 ut
493 2789 663 2850 ostendunt
692 2789 726 2850 hi
751 2786 810 2868 ipsi
834 2807 941 2849 versus
962 2787 1028 2849 318.
1051 2788 1117 2866 319,
1148 2785 1204 2849 sed

226 2882 381 2963 quaedam
408 2897 443 2943 ut
467 2882 501 2944 fit
525 2882 695 2963 integriora
719 2899 862 2945 servarat.
913 2883 1029 2945 etenim
1060 2882 1206 2962 quamvis

226 2976 346 3057 integra
372 2991 512 3038 ceterum
536 2977 575 3038 sit
599 2976 746 3038 Bembini
768 2977 871 3055 lectio,
896 2998 923 3039 v·.
940 2977 995 3039 332
1017 2993 1205 3058 corrupmm

226 3070 358 3135 ranolea
372 3091 409 3133 ex
425 3071 604 3135 coniectura
618 3087 775 3134 mutatum
789 3092 856 3134 esse
875 3071 907 3133 in
920 3071 1083 3134 metttmda
1097 3071 1205 3153 negari

228 3187 293 3230 non
315 3181 426 3248 potest.
467 3167 529 3230 hoc
554 3166 580 3228 si
605 3166 647 3229 ita
673 3182 727 3243 est,
752 3187 780 3227 v.
803 3167 868 3244 318,
889 3166 945 3228 ubi
965 3165 1110 3229 Vossiani
1131 3167 1207 3229 scri-

227 3279 319 3343 ptura
342 3273 390 3327 est
411 3284 433 3325 a
459 3261 582 3325 mrbine
606 3261 672 3324 nise
697 3260 946 3344 interpolationis
975 3261 1114 3342 speciem
1141 3281 1207 3324 non

226 3361 354 3437 praebet
382 3373 458 3420 eta
483 3356 606 3420 turbine
630 3376 648 3417 a
673 3375 766 3417 sensu
789 3355 852 3418 loci
877 3374 942 3416 non
967 3356 1127 3435 abhorret,
1151 3357 1206 3418 sed

228 3469 301 3513 cum
315 3449 445 3514 aedibus
454 3451 600 3514 Bembini
612 3451 671 3513 nisi
678 3449 831 3514 violenter
845 3452 1004 3514 conciliari
1015 3471 1081 3514 non
1095 3467 1206 3533 potest,

227 3543 320 3605 nimis
347 3543 466 3606 incerto
492 3544 600 3608 nititur
625 3546 831 3609 fundamento
857 3546 954 3628 siquis
981 3547 1020 3610 ad
1043 3546 1206 3628 pristinam

227 3638 413 3718 scripturam
433 3639 533 3717 ipsam
554 3639 629 3700 eniti
649 3641 760 3703 studet.
801 3641 856 3702 sed
877 3661 917 3703 ne
931 3642 1001 3722 quis
1016 3656 1105 3721 putet
1118 3641 1207 3722 quic·
