2578 4242
484 317 572 366 tou
588 317 691 364 res-rsa
1039 320 1075 396 ⁵9

83 495 152 582 pro
174 521 214 563 eo
234 489 323 582 quod
342 491 493 562 traditum
507 515 552 561 est
564 499 680 579 specus]
700 513 731 560 et
750 498 872 579 insigne
893 499 1075 578 exemplum

83 596 264 678 impeditae
285 595 524 677 compositionis
550 613 773 677 proponerem,
800 593 939 674 intellegi
959 593 1076 656 scilicet

83 691 208 752 voluit:
230 690 354 772 eamque
374 690 477 754 cauda
496 699 527 752 et
544 689 655 752 iaculis
674 699 705 752 et
715 689 835 770 ingenti
843 687 985 769 pondere
997 686 1079 750 conti

83 786 206 848 haeret
227 785 324 848 humi.
366 784 443 848 Stati
468 785 535 846 silv.
558 803 585 863 2,
611 804 637 858 2,
665 803 702 863 77
727 783 904 864 malagmam
928 801 1008 844 aera
1028 802 1075 843 re·

81 880 197 961 spirat
213 900 280 942 non
300 899 428 961 serpens
447 879 502 941 sed
519 878 634 960 pelago
654 875 839 959 ce'rcumflua
859 876 961 940 Nesis.

171 975 321 1055 Sequitur
343 995 451 1037 versus
476 974 552 1036 item
576 973 792 1036 vexatissimus
818 972 885 1049 168;
915 970 969 1052 qui
994 987 1078 1050 quae
1089 989 1128 1034 tet

85 1091 168 1131 sana
190 1071 284 1132 habet
308 1069 365 1131 ubi
385 1068 641 1147 intellexerimus,
669 1068 736 1129 leve
762 1067 915 1129 mendum
938 1067 1002 1130 leni
1027 1085 1077 1128 re-

86 1165 201 1226 medio
227 1164 316 1228 facile
341 1164 530 1226 sanabimus.
570 1162 719 1226 tutabant
739 1183 841 1225 aurae
864 1163 1012 1225 venantis
1034 1160 1081 1224 ad

86 1260 199 1322 omm'a
227 1259 321 1322 vaus.
371 1259 396 1320 si
427 1261 599 1321 verborum
629 1259 746 1321 formas
776 1258 952 1339 sequimur,
982 1277 1077 1320 aurae

85 1354 246 1415 tollebant
265 1353 349 1415 visus
369 1352 522 1434 serpentis
543 1353 598 1436 qui
622 1354 768 1417 veniebat
792 1354 831 1415 ad
856 1354 973 1416 omnia.
1013 1351 1077 1433 pri-

86 1467 184 1510 mum
214 1465 249 1510 ut
277 1447 427 1511 venientes
457 1447 505 1510 ad
529 1449 635 1511 amaea
662 1448 912 1533 consideremus,
945 1450 984 1511 de
1014 1447 1076 1510 hoc

87 1543 238 1604 adiectivi
259 1563 318 1604 usu
339 1542 478 1623 Scaliger
498 1544 652 1605 nonnulla
672 1544 773 1606 attulit
794 1544 875 1605 adv.
895 1545 946 1605 182
968 1551 1076 1605 attacta
1132 1583 1133 1588 κ

80 1637 224 1718 paranti
250 1637 338 1719 quod
368 1637 508 1718 positum
534 1653 579 1700 est
605 1653 639 1700 ut
659 1660 686 1699 v.
713 1640 764 1700 153
791 1649 899 1702 cuncta
918 1639 1077 1717 fremunt,

89 1748 126 1794 ut
153 1733 267 1795 Graeci
292 1733 401 1794 dicunt
432 1733 542 1796 πάντα
565 1743 685 1809 ποιεῖν,
709 1734 813 1795 Latini
836 1733 941 1795 emnia
961 1733 1076 1810 facere

88 1829 127 1905 (e.
150 1848 177 1908 g.
201 1826 315 1889 Catull.
336 1829 384 1904 75,
403 1827 447 1905 4),
478 1825 560 1888 laeta
584 1828 706 1901 omnem
735 1829 767 1890 in
795 1827 863 1890 ez'us
891 1825 1018 1889 scantia
1047 1833 1079 1886 et

89 1921 219 1985 consilio
252 1922 358 1983 amata
389 1921 453 1984 stbt
478 1921 634 2002 precleiria
667 1931 773 1985 omnes
795 1924 874 2003 sore
906 1918 1080 2002 sperabant

88 2017 174 2095 (bell.
196 2016 263 2077 Afr.
289 2037 331 2095 ιο,
351 2018 391 2095 4),
421 2015 519 2079 Venta
545 2017 620 2098 qaia
642 2017 727 2080 venit
743 2017 791 2080 ad
811 2017 918 2079 omnia
938 2015 1015 2094 (Cic.
1037 2014 1078 2075 de

88 2125 153 2172 nat.
176 2110 262 2172 deor.
285 2112 311 2188 3,
332 2111 369 2172 62
391 2111 429 2172 cf.
452 2129 479 2190 2,
500 2112 548 2191 69)
573 2112 729 2192 frequenti
755 2133 814 2175 usu
841 2133 906 2195 quo
927 2126 1076 2173 neutrum

88 2205 211 2286 plurale
237 2205 478 2286 comprehendit
505 2207 612 2270 omnia
639 2208 756 2271 scilicet
783 2228 863 2290 quae
889 2209 921 2270 in
947 2226 980 2268 re
1004 2205 1077 2283 sint,

89 2300 131 2362 ad
152 2319 219 2361 rem
239 2300 423 2381 pertineant.
465 2300 508 2362 sic
529 2301 659 2364 Plautus
684 2304 826 2385 loquitur
851 2304 915 2365 fere
943 2322 1008 2364 non
1028 2300 1077 2360 in=

89 2394 233 2457 tellectus
265 2395 389 2474 (rectius
420 2413 516 2476 quam
547 2397 641 2458 ceteri
666 2397 853 2477 Spengelius
884 2397 922 2458 de
950 2393 1077 2458 canticis

91 2511 121 2572 p.
145 2491 192 2569 89)
214 2491 296 2551 Rud.
318 2491 374 2551 215
401 2489 496 2571 algor
516 2510 612 2553 error
628 2502 744 2572 pavor,
769 2513 820 2554 me
842 2491 948 2553 omma
967 2498 1074 2552 terant,

91 2586 193 2647 Varro
208 2585 349 2666 Menipp.
363 2587 420 2664 475
441 2585 492 2648 hic
507 2586 590 2648 enim
609 2586 715 2649 amaea
731 2596 808 2659 erat,
830 2585 913 2648 aiem
929 2583 1076 2647 sacerdos

83 2689 219 2761 praetor
225 2679 384 2760 parochos
398 2701 423 2742 e.
437 2702 465 2762 q.
477 2702 514 2757 s.;
536 2681 674 2743 excoluit
687 2700 783 2742 usum
799 2701 836 2742 ex
851 2680 951 2762 poetis
966 2680 1076 2743 Catul⁴

91 2774 151 2850 lus,
170 2773 259 2836 cuius
273 2775 370 2837 instar
384 2777 558 2839 multorum
572 2778 661 2839 locus
674 2776 713 2838 sit
726 2777 773 2855 64,
793 2776 846 2837 186
860 2774 965 2838 omnia
977 2783 1075 2848 muta,

92 2869 197 2932 emnia
215 2879 290 2932 sant
306 2869 437 2945 deserta,
459 2881 611 2934 ostentant
628 2872 733 2934 omnia
747 2871 840 2934 letam
860 2870 908 2949 (cf.
921 2869 992 2932 Cul.
1008 2869 1074 2946 348)

93 2978 123 3026 et
143 2963 314 3044 Vergilius:
344 2969 423 3028 Aen.
445 2988 472 3047 9,
493 2986 551 3046 294
569 2966 682 3046 sponde
702 2967 801 3047 digna
821 2965 882 3027 tuis
901 2963 1076 3045 ingentiora

92 3056 196 3120 omnia
226 3060 349 3139 coeptis,
384 3081 426 3135 ro,
454 3063 519 3139 358,
553 3071 639 3124 stant
668 3061 786 3125 abacta
818 3060 924 3122 amata
956 3067 1073 3127 canae,

96 3157 151 3232 514
169 3153 202 3215 itt
227 3153 303 3233 'psas
328 3155 433 3217 omenta
456 3165 530 3216 sunt
547 3154 643 3218 oculis
668 3171 698 3218 et
723 3156 809 3236 apud
828 3157 924 3216 verba
948 3167 1073 3215 motum

93 3248 260 3310 indicantia
293 3269 367 3311 cum
400 3250 634 3330 praepositione
668 3251 700 3328 6,
733 3251 786 3312 565
817 3260 936 3330 perque
967 3245 1085 3318 amaea,

94 3343 190 3417 duxit,
210 3363 239 3423 7,
254 3344 311 3422 309
330 3363 411 3425 quae
430 3354 544 3407 memet
560 3345 592 3406 in
605 3345 711 3407 omnia
723 3344 807 3407 verti
824 3359 855 3406 et
868 3343 1074 3424 interpolator

93 3454 179 3501 vetus
199 3458 228 3517 2,
251 3441 306 3517 570
326 3437 430 3500 oculos
441 3449 504 3521 per
524 3448 632 3501 cuncta
643 3437 768 3518 serenti
791 3438 839 3516 (cf.
861 3437 935 3502 Stat.
957 3436 1023 3499 silv.
1050 3457 1073 3510 r,

96 3537 121 3614 3,
145 3537 179 3596 52
208 3533 354 3614 vatesque
378 3523 574 3613 peremnia
602 3533 698 3612 duco).
739 3532 809 3594 'alia
839 3549 873 3594 ut
903 3534 959 3596 ecl.
980 3534 1008 3611 8,
1037 3533 1077 3594 58

96 3629 211 3702 (omma
241 3627 308 3691 iam
333 3626 471 3690 medium
492 3627 560 3708 fiat
586 3635 692 3703 mare)
725 3643 756 3689 et
785 3628 898 3692 similia
929 3628 968 3690 ad
998 3641 1077 3689 eum
