2578 4242
229 313 267 376 56
590 307 849 375 cotrttENrAtttvs

231 494 276 570 37,
292 493 323 569 8;
344 493 391 567 23,
410 511 433 569 ι,
449 493 465 554 3
486 491 597 554 urbem
616 489 765 552 excedere
778 504 809 552 et
821 488 955 570 saepius,
976 489 1030 551 sed
1044 491 1219 570 expellitur

229 586 423 649 accusativus
437 600 509 668 post
522 584 727 665 Madvigium.
759 584 865 646 anima
878 584 975 665 igitur
988 605 1103 666 corpus
1117 584 1220 648 inter-

146 685 155 694 ”
230 682 349 744 fectum
369 681 526 762 relinquit,
548 699 644 761 quam
663 679 810 760 spiritum
830 678 915 757 dicit,
938 679 975 744 τὸ
992 681 1220 762 πνευματικόν

229 796 310 859 quae
330 797 401 858 pars
422 790 467 838 est
488 776 611 837 animae
632 773 814 854 Epicureae,
839 783 948 836 ventres
966 773 1074 836 vitalii
1093 774 1128 838 e'n
1150 775 1220 855 ipso

228 883 366 954 corpore,
391 869 558 952 quinatis
582 867 783 931 moribundos
810 868 928 931 deserit
948 878 1040 931 artus
1058 869 1168 947 (Lucr.
1191 871 1220 946 3,

233 969 306 1046 128),
338 965 436 1028 tenvis
460 963 542 1026 enim
571 962 726 1044 quaedam
755 963 957 1026 moribundos
986 963 1104 1028 deserit
1130 983 1221 1026 aura

229 1083 255 1124 e.
271 1083 300 1143 q.
315 1083 337 1122 s.
360 1059 445 1138 (ibid.
461 1060 537 1137 232),
557 1058 715 1120 morimur
734 1058 835 1120 erectis
854 1068 948 1121 extra
961 1058 1111 1122 m'talibus
1123 1058 1221 1122 σανὶς

230 1157 318 1235 (577).
358 1171 389 1216 et
409 1153 535 1217 dissitus
560 1153 690 1234 quidem
715 1153 855 1234 spiritus,
882 1173 956 1214 nam
978 1153 1141 1237 λυομένου
1157 1160 1220 1219 τοῦ

230 1251 308 1314 ὅλου
328 1244 553 1334 ἀθροίσματος
569 1248 588 1333 ἡ
604 1249 695 1334 ψυχὴ
712 1249 934 1333 διασπείρεται
949 1248 1046 1329 (Epic.
1057 1269 1108 1330 ep.
1118 1269 1142 1327 1,
1158 1251 1219 1327 65),

229 1344 265 1408 αῖ
291 1347 399 1430 ψυχαί
423 1342 645 1408 ἀπολυθεῖσαι
672 1349 737 1408 τῶν
767 1342 924 1424 σωμάτων
956 1345 1087 1409 καπνοῦ
1122 1345 1220 1429 δίκην

231 1439 420 1504 σκίδνανεαι
440 1437 537 1518 (Epic.
559 1436 616 1517 frg.
635 1439 712 1517 337),
732 1437 768 1502 ἐν
782 1437 827 1522 τῷ
837 1437 995 1519 ἐκβαίνειν
1007 1438 1220 1524 διαφοροῦν-

229 1559 283 1598 ται
302 1535 355 1598 καὶ
373 1533 670 1598 διασκεδάυυυυται.
710 1548 804 1612 atque
822 1531 987 1593 Lucretius
1007 1532 1063 1594 illo
1083 1533 1219 1614 quidem

227 1631 327 1714 perbo
350 1627 437 1710 quod
459 1642 503 1689 est
524 1626 650 1690 de'sse'tus
668 1627 709 1690 de
728 1627 843 1689 animai
863 1646 979 1707 corpus
1000 1626 1141 1689 moriens
1164 1629 1219 1689 de-

226 1725 426 1806 relinquente
440 1737 505 1784 non
519 1722 626 1800 utitur,
647 1723 703 1785 sed
720 1722 762 1784 ait
781 1721 906 1784 animai
921 1721 1094 1802 dffegiunt
1104 1732 1221 1802 partes

223 1830 286 1900 per
315 1818 425 1882 caudes
454 1816 595 1898 corporis
624 1814 725 1878 omnis
754 1815 791 1892 (3,
816 1817 893 1894 255),
924 1815 1029 1877 anima
1059 1815 1219 1878 ιίίίοαιαίο

221 1915 322 1993 foras
357 1913 556 1994 dispargitur
596 1912 687 1990 (539),
727 1909 807 1990 perit
842 1909 985 1991 dispersa
1015 1920 1077 1991 per
1114 1931 1220 1973 auras

231 2010 313 2086 (544;
344 2009 372 2086 6,
398 2009 455 2087 839
479 2009 529 2086 al.)
560 2006 700 2068 discussa
724 2006 762 2082 (2,
788 2006 856 2084 953)
887 2005 1048 2087 ιίιζοριναλο
1079 2006 1119 2083 (3,
1151 2007 1218 2085 589)

231 2099 382 2163 dissoluta
408 2102 476 2179 (613
503 2101 540 2163 cf.
564 2101 628 2178 578(
659 2099 817 2162 derecta
837 2101 875 2178 (4,
897 2100 954 2178 28),
986 2115 1114 2162 coetum
1147 2121 1221 2162 cor-

231 2214 347 2276 porum
374 2215 459 2256 mors
479 2194 623 2275 dissupat
640 2213 666 2270 2,
692 2193 773 2256 1003.
820 2208 927 2256 tamen
951 2194 1078 2258 dissitus
1101 2209 1135 2256 et
1161 2216 1220 2257 vo-

231 2291 381 2362 cabulum
402 2304 447 2352 est
467 2290 692 2352 Lucretianum
713 2303 743 2350 et
769 2289 900 2369 proprio
927 2309 987 2351 usu
1012 2289 1052 2350 ad
1072 2289 1219 2351 animam

230 2385 373 2467 pertinet,
394 2386 450 2448 sed
467 2401 590 2448 tantum
612 2400 645 2447 ut
672 2385 713 2448 τα
741 2384 796 2468 τῆς
823 2390 932 2470 ψυχῆς
958 2387 1036 2469 μέρη
1063 2384 1103 2448 τὰ
1132 2388 1217 2468 παρ’

231 2483 311 2568 ὅλην
332 2483 390 2568 τὴν
412 2481 576 2564 σύγκρισιν
598 2482 856 2564 παρεσπαρμέυα
888 2478 985 2559 (Epic.
1007 2478 1094 2559 epist.
1118 2499 1145 2558 1,
1167 2481 1218 2557 63,

231 2578 330 2638 schol.
351 2576 391 2638 ad
408 2577 455 2650 66,
477 2575 514 2638 cf.
534 2574 592 2654 frg.
609 2575 674 2653 312)
694 2573 918 2654 significentur.
958 2575 1043 2635 hunc
1063 2573 1096 2635 in
1114 2593 1219 2636 usum

232 2671 379 2732 formavit
392 2671 584 2736 vocabulum
596 2669 770 2747 Lucretius,
785 2684 820 2730 ut
832 2668 925 2730 docet
938 2669 1027 2730 locus
1044 2669 1070 2746 3,
1089 2669 1144 2729 136
1159 2691 1219 2751 sq,

231 2765 287 2826 ubi
311 2766 348 2830 τὸ
374 2765 507 2846 λογικόν
534 2764 611 2829 ,dicit
640 2763 734 2826 situm
764 2763 797 2825 in
827 2779 954 2844 pectore
984 2764 1123 2837 haerere,
1158 2764 1219 2826 sed

231 2865 343 2921 ‘cetera
374 2879 444 2939 pars
474 2859 596 2920 animae
626 2879 683 2940 per
706 2874 809 2921 totum
834 2857 944 2922 ἀτοπία
970 2879 1083 2940 corpus
1105 2860 1219 2938 paret'.

231 2955 344 3016 iterum
368 2955 394 3028 3,
417 2955 472 3032 376
494 2955 648 3017 elementa
667 2953 790 3016 animae
811 2973 894 3016 rara
911 2963 975 3035 per
993 2962 1083 3016 artus
1102 2951 1220 3016 ἀπεῖτο

230 3057 304 3112 sunt
321 3062 351 3109 et
363 3067 392 3128 4,
406 3050 463 3117 887
484 3050 660 3130 incorpore
679 3058 747 3122 tote,
763 3059 824 3130 per
842 3048 986 3111 membra
1005 3057 1095 3130 atque
1111 3058 1219 3123 artus,

231 3145 356 3211 animai
377 3145 487 3208 dissita
511 3145 560 3208 vir
584 3153 636 3206 est.
678 3143 944 3224 deprehendimus
965 3142 1125 3206 curiosum
1147 3142 1219 3205 Lu-

232 3239 308 3304 creti
327 3240 477 3303 lectorem
499 3262 565 3304 non
578 3239 650 3302 satis
671 3255 861 3300 accuratum.
902 3238 1007 3300 anima
1025 3253 1130 3304 autem
1149 3238 1218 3300 dis-

232 3337 322 3416 persa
340 3355 448 3400 sensus
468 3334 629 3416 relinquit,
656 3354 729 3396 nam
755 3354 820 3396 non
845 3333 950 3395 anima
969 3352 1098 3394 sensum
1118 3333 1217 3397 habet

231 3431 287 3493 sed
306 3440 422 3513 corpu's
443 3432 546 3511 (Lucr.
569 3432 595 3508 3,
618 3431 674 3497 350
694 3431 760 3510 sq.(,
787 3429 819 3490 id
840 3445 947 3490 autem
973 3423 1217 3516 ἀπαλλαγείσης

230 3527 285 3609 τῆς
317 3527 435 3613 ψυχῆς
454 3525 513 3592 οὐκ
546 3529 609 3608 ἔχει
642 3525 701 3611 τὴν
733 3528 889 3609 αἴσθησιν
917 3521 1014 3603 (Epic.
1037 3542 1085 3603 ep.
1111 3544 1133 3601 t,
1153 3525 1216 3604 64),

231 3619 361 3682 dimissa
385 3620 494 3685 οιιιίιια
520 3630 632 3700 corpus
651 3628 740 3682 caret
762 3618 896 3700 undique
920 3639 1012 3685 sensu
1036 3620 1074 3696 (v.
1098 3617 1154 3680 356
1177 3620 1214 3682 cf.
