2578 4242
217 302 254 381 96
576 297 835 346 COMMENTARIVS

216 480 334 544 saevire
354 497 482 561 possent
502 501 560 546 nec
579 499 703 544 nocere.
744 479 781 541 ci.
796 479 871 542 Stat
885 479 964 541 Aen
981 501 1004 557 1,
1017 481 1076 559 435
1093 480 1210 561 pigris

217 575 337 640 addunt
363 575 562 640 mucronibus
590 575 668 638 iras.
722 593 826 655 neque
859 590 965 638 tamen
995 593 1129 636 necesse
1163 591 1209 636 est

218 669 331 751 corrigi
351 679 382 734 et
398 670 492 751 ipsas,
518 689 592 732 nam
612 667 713 751 ipsam
733 669 821 732 Idam
841 689 915 732 cum
934 669 999 730 suis
1019 669 1210 750 conspirare

217 766 250 828 in
261 767 457 830 Graecorum
471 765 602 828 exitium
615 765 702 844 gravi
716 764 871 826 sermonis
883 763 985 844 figura
993 765 1209 844 pronuntiare

219 873 312 942 poeta
325 859 433 922 voluit.
471 874 575 922 totum
588 859 753 940 negotium
767 859 912 921 Homero
925 859 1071 940 ignotum
1085 861 1132 938 (O
1148 863 1209 939 718

218 961 320 1022 οἴσετε
341 956 418 1040 πῦρ)
445 973 512 1018 non
536 953 642 1035 inepte
667 954 780 1017 adiecit
803 955 854 1018 vel
878 954 997 1016 Culicis
1023 955 1072 1016 vel
1104 955 1210 1018 inter-

165 1047 333 1116 incedens
363 1045 476 1130 aliquis
505 1065 608 1130 poeta.
661 1069 690 1110 v.
711 1049 769 1128 314
797 1045 871 1111 inde
901 1069 919 1110 a
947 1049 1070 1111 Bembo
1102 1069 1208 1114 nemo

217 1161 339 1226 praeter
358 1144 508 1207 Vossium
539 1160 569 1206 et
599 1143 744 1206 Ellisium
774 1145 804 1222 (l.
825 1165 848 1205 s.
868 1163 898 1225 p.
920 1145 987 1223 282)
1016 1143 1208 1226 intellegere

216 1239 317 1304 voluit
352 1239 430 1320 quid
465 1255 544 1303 esset
570 1239 712 1320 flamma
745 1239 943 1314 lacrimante,
975 1239 1028 1301 ille
1064 1241 1209 1302 coniecit

216 1343 394 1413 superante,
425 1333 563 1415 Scaliger
592 1353 658 1398 non
688 1349 772 1396 recta
798 1334 919 1398 ratione
946 1333 1083 1400 defendit
1107 1335 1208 1397 lacri-

218 1443 373 1506 mantem,
406 1428 470 1492 iam
506 1444 669 1511 tamquam
707 1445 828 1492 certum
862 1449 898 1491 ac
932 1449 1042 1493 verum
1077 1430 1209 1493 obtinet

207 1521 537 1606 flammaflagroate;
554 1523 686 1587 Vossius
701 1522 790 1605 quod
805 1540 888 1588 recte
904 1524 996 1588 vertit
1007 1523 1041 1588 in
1053 1526 1207 1606 tripfeln-

217 1618 275 1682 der
294 1619 446 1693 Flamma,
473 1618 507 1680 id
531 1620 690 1682 ‘audacius
716 1620 836 1682 dictum
860 1620 1034 1684 videbatur‘
1059 1621 1206 1703 Silligio;

218 1715 307 1797 quasi
332 1735 408 1778 vero
439 1735 506 1778 non
531 1715 737 1778 lacrimentur.
758 1715 924 1796 flagrantes
953 1717 1059 1797 piceae
1088 1718 1207 1780 taedae

217 1826 362 1874 autnon
389 1810 555 1891 proprium
581 1811 620 1873 sit
646 1810 767 1872 resinae
792 1812 986 1873 vocabulum
1013 1811 1143 1873 Graecis
1173 1829 1206 1875 et

165 1915 205 1961 315
218 1905 336 1968 Latinis
366 1905 522 1968 lacrimae.
551 1935 591 1952 ·-
622 1925 695 1969 cum
726 1906 798 1986 igne
832 1905 1087 1986 adgredientibus
1116 1907 1203 1969 Aiax

217 2009 291 2064 erat
307 1999 460 2082 oppositus
483 2009 592 2066 contra
617 1999 790 2080 abiectoque
817 2033 849 2045 -
867 1999 966 2062 dabat
987 1999 1081 2080 clipeo
1101 2011 1205 2064 certa-

217 2096 313 2168 mina,
347 2095 404 2156 ubi
431 2114 495 2175 qua
524 2093 705 2160 necessitate
734 2094 786 2156 vel
819 2093 1012 2156 Schraderus
1041 2095 1204 2176 scripserit

217 2190 267 2252 vel
287 2205 358 2270 post
379 2189 539 2270 Silligium
565 2188 871 2269 omnes'receperint
896 2199 982 2252 conto
1006 2209 1066 2272 pro
1091 2201 1205 2256 contra

217 2307 284 2350 non
308 2285 411 2364 video,
431 2305 535 2367 neque
556 2285 642 2347 enim
662 2300 716 2346 aut
739 2285 857 2366 respuit
876 2283 1010 2346 latinitas
1029 2286 1205 2366 oppassum

218 2390 336 2454 contra,
366 2380 467 2442 immo
497 2396 581 2443 amat
610 2380 697 2442 talia:
733 2390 819 2442 retro
848 2379 968 2454 rede’re,
996 2381 1104 2445 nebtee
1131 2383 1204 2446 sub·

218 2477 300 2550 dere,
325 2486 435 2539 contra
460 2477 509 2538 vel
535 2474 811 2554 aevomisera,
834 2475 993 2549 obediere,
1021 2493 1056 2538 se
1076 2477 1204 2557 offam

218 2587 271 2634 aut
301 2571 465 2652 probabile
495 2586 540 2634 est
571 2585 666 2634 conto
694 2586 888 2652 pugnantem
912 2566 1043 2635 Aiacem
1073 2571 1126 2634 hic
1158 2572 1205 2633 fe-

218 2665 295 2728 cisse
326 2682 467 2745 poetam‚
499 2665 614 2728 deinde
648 2667 725 2744 (320)
754 2665 837 2728 ferro
868 2664 951 2732 faces
978 2666 1202 2746 depellentem.

217 2760 303 2840 apud
334 2761 514 2822 Homerum
546 2759 675 2841 quidem
706 2759 809 2841 priore
839 2762 912 2824 loco
943 2762 986 2840 (0
1007 2762 1080 2841 677)
1109 2763 1202 2846 νώμα

217 2855 335 2933 ξυστὸν
349 2858 432 2937 μέγα
447 2855 616 2938 ναύμαχον
631 2856 666 2921 ἓν
682 2855 880 2944 παλάμῃσιν,
902 2855 1016 2924 deinde
1030 2877 1107 2922 vero
1123 2861 1205 2940 (730)

216 2948 302 3032 ἔγχέι
328 2951 391 3012 aial
422 2949 535 3034 Τρῶας
557 2952 659 3030 ἄμυνε
681 2955 771 3027 νεῶν,
801 2953 889 3026 ὅστις
911 2955 1006 3037 φέροι
1031 2947 1203 3037 ἀκάματον

217 3052 284 3132 πῦρ
312 3046 379 3124 (742
400 3045 466 3125 sq.),
492 3044 556 3120 sed,
581 3044 608 3107 si
633 3046 672 3106 ab
693 3064 760 3106 uno
787 3045 964 3126 eodemque
989 3043 1132 3112 diversae
1153 3071 1203 3112 res

217 3155 381 3219 venerunt,
402 3156 485 3202 certe
506 3141 696 3222 procedente
722 3159 838 3220 pugna,
863 3139 914 3201 hic
934 3139 1049 3220 clipeus
1066 3142 1204 3208 obtectus

218 3255 249 3302 et
269 3239 405 3318 ferrum
435 3255 535 3299 unum
566 3237 657 3298 illum
687 3234 851 3316 pugnandi
883 3235 1017 3307 modum
1050 3233 1201 3303 indicant.

140 3333 417 3402 asnintercedunt
445 3348 551 3396 autem
581 3333 647 3394 duo
676 3330 822 3393 versiculi
849 3331 913 3393 318.
939 3332 1004 3411 319,
1035 3352 1053 3393 a
1084 3335 1203 3414 quibus

219 3428 368 3510 equidem
397 3447 529 3490 manum
553 3427 720 3498 abstineo„
754 3440 881 3507 apparet
912 3425 999 3488 enim·
1027 3428 1203 3510 archetypo

218 3537 400 3584 nostrorum
428 3521 574 3584 codicum
599 3523 664 3585 vim
689 3523 827 3604 aliquam
853 3522 998 3585 nocuisse
1024 3538 1054 3585 et
1074 3525 1202 3604 gravius

219 3615 348 3696 quidem
368 3636 464 3695 quam
484 3617 601 3678 factum
615 3617 751 3679 vidimus
765 3639 793 3680 v.
809 3637 846 3696 27
861 3631 891 3678 et
905 3617 971 3696 281,
992 3617 1065 3682 licet
1085 3621 1199 3683 eodem
