2600 4242
212 360 248 404 22
568 341 828 388 COMMENTARIVS

210 522 243 583 in
264 523 326 584 hoc
347 519 484 583 carmine
512 521 711 584 emendando
732 522 883 586 Italorum
907 538 1049 588 veterum
1069 526 1197 589 licentia

211 637 285 679 usus
298 631 354 678 est.
385 635 445 696 ego
460 635 534 678 cum
549 616 695 680 codicum
708 619 876 681 lectionem
891 622 1025 700 probam
1039 634 1078 700 et,
1094 642 1197 702 quan-

211 727 279 773 tum
300 710 367 774 fieri
393 725 495 791 potest
519 711 552 774 in
571 727 623 774 ¹tot
646 712 848 776 librariorum
871 733 966 796 opera
987 729 1018 776 et
1038 719 1198 795 opusculo

212 826 277 870 non
297 827 315 868 a
335 806 545 888 grammaticis
566 808 722 872 veteribus
743 807 776 870 in
795 808 923 872 scholae
945 828 1039 871 usum
1053 826 1196 890 tractato,

211 902 364 983 integram
392 921 458 964 esse
478 901 695 980 intellexerim,
721 902 867 966 carminis
891 904 1079 968 memoriam
1100 906 1199 970 inter-

211 997 384 1078 pretatione
395 997 619 1062 restituendam
631 1012 661 1059 et
671 997 891 1061 vindicandam
902 999 1198 1079 suscipiamemen-

211 1091 349 1154 dandam
366 1108 405 1152 ea
425 1093 545 1155 ratione
567 1112 662 1173 quarn
683 1092 813 1156 carmini
834 1113 900 1156 non
918 1110 1040 1175 praeter
1060 1097 1197 1158 modum

212 1200 361 1266 corrupto
376 1186 525 1252 adhibere
546 1207 602 1268 par
622 1202 675 1248 est.
715 1187 875 1268 proferam
895 1204 1002 1252 autem
1017 1209 1083 1251 non
1099 1210 1199 1270 quae-

212 1300 349 1361 cumque
370 1281 408 1342 de
430 1283 530 1345 ¹rebus
553 1281 694 1344 verbisve
721 1281 866 1344 carminis
889 1282 952 1346 dici
975 1300 1116 1364 possunt,
1140 1286 1197 1348 sed

212 1394 292 1455 quae
317 1375 357 1436 ad
377 1374 666 1456 interpretationem
683 1377 855 1458 pertinent;
880 1398 954 1442 nam
970 1383 1055 1462 μέγα
1069 1382 1199 1463 βιβλίον

212 1469 316 1538 facere,
333 1489 400 1532 non
419 1485 466 1534 est
485 1470 518 1532 in
538 1470 655 1534 animo.

289 1564 440 1628 Virorum
461 1565 887 1630 doctorumcommentarios
908 1584 939 1631 et
955 1568 1200 1632 emendationes

212 1659 327 1740 quibus
347 1659 425 1722 locis
439 1679 514 1722 usus
533 1659 591 1722 erit
605 1658 873 1740 commemorabo,
895 1663 950 1726 sed
965 1683 1029 1726 non
1042 1667 1199 1744 pugnabo

213 1773 286 1816 cum
316 1755 498 1822 libellorum
532 1756 734 1836 quorundam
768 1756 968 1820 novellorum
1001 1759 1197 1838 auctoribus,

213 1869 351 1929 quorum
372 1870 469 1931 opera
488 1850 535 1914 uti
555 1850 580 1912 si
595 1851 714 1932 possim
728 1851 832 1914 velim.
873 1867 972 1914 artem
993 1868 1024 1915 et
1040 1852 1198 1917 elocutio-

213 1964 287 2006 nem
307 1961 419 2024 poetae
446 1946 611 2027 diligenter
634 1945 775 2009 tractavit
799 1960 830 2008 et
851 1965 924 2009 curn
944 1946 1084 2028 Vergilio
1106 1969 1199 2010 com-

213 2039 332 2119 paravit
343 2039 521 2104 Fridericus
527 2042 612 2106 Baur
622 2042 654 2104 in
665 2040 858 2104 Fleckeiseni
866 2041 975 2106 annali
985 2044 1021 2121 93
1033 2063 1062 2123 p.
1070 2043 1199 2124 357sq.;

215 2133 254 2194 de
280 2135 491 2214 synaloephae
517 2155 630 2200 norma
649 2151 772 2216 praeter
796 2151 915 2200 ceteros
937 2136 1000 2218 egit
1019 2138 1135 2200 Bittius
1155 2139 1199 2200 'de

214 2228 351 2294 Halieut.
373 2248 402 2308 p.
422 2249 461 2309 49
481 2248 531 2310 sq.
582 2230 767 2296 Buecheleri
790 2231 1009 2295 adnotationes
1033 2234 1067 2297 in
1092 2235 1198 2296 musei

216 2323 361 2388 Rhenani
375 2323 477 2403 vol.45
492 2344 521 2404 p.
530 2326 587 2404 324
596 2344 641 2405 sq.
656 2344 732 2390 cum
746 2325 922 2404 ederentur,
937 2327 976 2388 de
990 2325 1094 2407 priore
1108 2343 1198 2408 parte

217 2419 372 2497 carminis,
382 2419 432 2482 'ad
446 2437 543 2499 quam
556 2419 721 2500 pertinent,
741 2421 808 2486 iarn
819 2420 1017 2501 perfeceram
1031 2440 1199 2484 commen-

215 2513 344 2591 tarium;
370 2533 446 2595 ergo
470 2515 530 2580 alia
554 2514 667 2596 reliqui
692 2529 728 2577 ut
748 2515 936 2598 scripseram
960 2531 990 2578 et
1008 2517 1200 2579 Buecheleri

216 2628 378 2671 assensum
392 2609 547 2688 adnotavi,
572 2608 631 2672 alia
652 2627 733 2688 quae
745 2628 813 2676 non
833 2626 916 2674 recte
930 2611 980 2672 vel
1001 2610 1201 2675 confidenter

216 2703 310 2766 nimis
330 2723 381 2766 me
403 2704 575 2784 disputasse
596 2703 745 2780 viderem,
767 2724 805 2766 ex
832 2704 914 2768 illius
934 2706 1087 2768 sententia
1108 2726 1199 2770 com-

218 2798 344 2860 mutavi.
386 2798 448 2860 Sed
470 2797 536 2862 iam
560 2798 666 2878 ipsum
691 2819 817 2862 carmen
844 2814 878 2862 ut
906 2802 1080 2881 poterimus
1099 2803 1199 2864 inter-

213 2890 419 2973 pretabirnur.

192 3100 204 3143 1
296 3081 444 3146 Octavius
466 3081 555 3147 cuius
575 3083 699 3150 nomini
717 3103 844 3148 carmen
858 3084 1037 3148 dedicatum
1051 3084 1200 3166 legimus,

218 3180 244 3242 si
272 3197 306 3240 re
336 3197 409 3240 vera
438 3196 518 3257 puer
547 3177 605 3242 fuit
635 3199 673 3242 eo
706 3178 770 3242 lere
799 3194 942 3260 tempore
974 3199 1039 3261 quo
1071 3200 1199 3244 carmen

218 3274 369 3354 scripturn
391 3292 456 3336 esse
477 3272 687 3340 intelleximus
711 3273 794 3340 virili
819 3289 893 3354 toga
920 3274 1054 3338 donatus
1075 3276 1200 3338 donan-

220 3370 326 3445 dusve,
348 3368 417 3450 quis
431 3367 524 3432 fuerit
537 3367 728 3448 ignoramus.
768 3385 851 3434 ,certe
866 3369 1016 3434 Octavius
1030 3370 1201 3433 historicus

219 3465 269 3526 vel
295 3464 402 3544 epicus
429 3464 597 3542 (catatu),
622 3463 771 3528 Octavius
792 3463 909 3527 Horati
930 3467 994 3542 (sat.
1018 3485 1041 3538 1,
1073 3485 1115 3542 10,
1139 3464 1200 3544 82),

218 3559 368 3622 Octavius
394 3559 485 3624 Musa
515 3559 613 3637 (Serv.
642 3561 745 3622 bucol.
767 3581 794 3640 9,
820 3561 853 3638 7)
884 3579 950 3622 non
981 3559 1100 3622 maiore
1130 3559 1200 3622 iure

220 3671 316 3733 quam
346 3653 385 3715 ad
416 3672 518 3716 unum
548 3653 733 3734 rediguntur
764 3674 838 3718 curn
867 3655 921 3716 illo
953 3669 1199 3736 componuntur.
