2600 4242
238 317 261 378 ¹8
429 367 431 372 ,
651 311 757 358 cvcsx

176 515 217 562 222
243 496 340 572 ‘Quis’
362 493 464 576 inquit
484 493 612 556 ‘meritis
633 494 673 555 ad
694 513 774 574 quae
795 493 916 554 delatus
936 495 1062 555 acerbas

243 609 341 672 cogor
361 590 446 651 adire
465 589 563 650 vices!
593 603 648 649 tua
668 588 745 649 dum
767 587 845 650 mihi
866 586 967 649 carior
986 587 1054 668 ipsa

214 655 223 711 i
242 685 305 747 vita
325 684 384 748 fuit
402 684 474 760 vita,
495 682 600 763 rapior
619 702 676 763 per
695 682 799 744 inania
818 682 927 744 ventis.

241 795 277 842 tu
296 781 400 842 lentus
419 777 542 841 refoves
562 778 701 840 iucunda
720 778 864 839 membra
884 777 989 858 quiete

243 889 367 956 ereptus
387 873 492 936 taetris
512 892 529 934 e
550 871 706 948 cladibus;
726 887 757 934 at
777 890 848 932 mea
867 889 976 934 manes

177 988 217 1034 225
241 969 360 1032 viscera
380 969 532 1030 Lethaeas
553 980 672 1047 cogunt
691 980 850 1028 transnare
871 985 928 1046 per
947 967 1062 1043 undas;

241 1065 358 1146 praeda
377 1063 534 1126 Charonis
553 1081 639 1142 agor.
678 1061 773 1122 viden
793 1078 829 1122 ut
848 1059 1010 1140 flagrantia
1030 1060 1127 1123 taedis

241 1158 351 1222 limina
371 1159 545 1221 collucent?
579 1156 699 1219 infestis
719 1156 812 1219 obvia
831 1155 965 1236 templis,

241 1254 336 1318 obvia
355 1253 540 1336 Tisiphone,
561 1252 757 1334 serpentibus
778 1250 919 1332 undique
940 1267 1075 1332 compta,

242 1365 272 1412 et
292 1349 434 1412 flammas
456 1363 486 1410 et
505 1365 597 1410 saeva
617 1346 717 1428 quatit
737 1346 816 1408 mihi
835 1349 965 1408 verbera
985 1361 1128 1427 poenaet

177 1460 217 1506 222
242 1443 408 1522 Cerberus,
434 1457 464 1504 et
484 1442 558 1504 diris
579 1443 711 1524 flagrant
731 1443 892 1505 latratibus
912 1461 977 1520 ora,

242 1539 398 1620 anguibus
419 1538 494 1600 hinc
514 1552 607 1618 atque
628 1538 702 1600 hinc
722 1538 852 1600 horrent
872 1537 923 1598 cui
943 1537 1024 1600 colla
1044 1537 1170 1600 reflexis

241 1633 470 1716 sanguineique
491 1633 607 1696 micant
627 1632 773 1695 ardorem
793 1632 921 1694 luminis
942 1635 1043 1696 orbes.

241 1731 304 1792 heu
326 1729 403 1811 quid
424 1731 463 1792 ab
485 1727 592 1790 officio
613 1727 751 1808 digressa
772 1742 817 1788 est
836 1727 943 1807 gratia,
964 1746 1039 1789 cum
1058 1743 1088 1790 te
1199 1741 1221 1763 ·’

242 1825 361 1888 restitui
380 1824 501 1905 superis
521 1822 575 1886 leti
594 1823 657 1884 iam
678 1822 787 1884 limine
808 1825 848 1884 ab
868 1823 955 1902 ipso?
1146 1829 1149 1834 '

177 1933 217 1978 225
242 1920 381 2000 praemia
399 1934 473 1981 sunt
492 1917 615 1999 pietatis
637 1917 702 1994 ubi,
722 1917 844 1997 pietatis
864 1918 1021 1980 honores?

243 2016 276 2077 in
295 2035 391 2077 vanas
412 2015 516 2076 abiere
534 2013 627 2075 vices.
669 2027 707 2075 et.
723 2031 794 2074 rure
815 2013 941 2074 recessit

207 2091 216 2159 i
243 2109 359 2172 iustitia
379 2125 410 2171 et
429 2109 516 2191 prior
536 2108 589 2169 illa
609 2107 705 2169 fides?
735 2106 880 2169 instantia
900 2106 964 2169 vidi

244 2205 383 2266 alterius:
404 2204 471 2266 sine
491 2217 634 2283 respectu
656 2221 726 2264 mea
746 2202 809 2264 fata
828 2200 1010 2282 relinquens

244 2299 284 2360 ad
304 2297 416 2379 pariles
436 2317 515 2378 agor
536 2313 666 2360 eventus
685 2331 723 2342 -
744 2297 779 2359 fit
798 2316 902 2377 poena
921 2297 1062 2359 merenti.
1106 2311 1110 2318 ·

180 2416 220 2461 222
245 2413 349 2474 poena
369 2393 408 2454 sit
428 2392 568 2471 exitium,
589 2393 688 2454 modo
707 2393 747 2454 sit
767 2392 846 2454 dum
865 2407 953 2472 grata
971 2392 1126 2469 voluntas,

245 2488 354 2550 existat
373 2507 429 2569 par
449 2487 600 2550 officium.
642 2487 726 2549 feror
745 2487 813 2548 avia
834 2507 974 2568 carpens,

245 2585 313 2647 avia
334 2583 524 2648 Cimmerios
544 2583 625 2646 inter
646 2583 790 2645 distantia
810 2583 907 2660 lucos,

245 2697 341 2761 quem
362 2679 443 2741 circa
463 2678 563 2740 tristes
584 2679 756 2740 densentur
776 2678 808 2739 in
829 2678 937 2740 omnia
956 2694 1086 2758 poenae.

246 2795 319 2838 nam
339 2774 462 2836 vinctus
481 2773 570 2835 sedet
589 2772 952 2853 immanis'serpentibus
973 2771 1062 2845 Otos,

180 2889 220 2934 225
246 2868 427 2930 devinctum
447 2882 583 2930 maestus
604 2869 717 2948 procul
736 2868 890 2949 aspiciens
910 2866 1100 2952 Ephialten„

246 2962 351 3025 conati
371 2963 534 3042 quondam
555 2981 629 3025 cum
649 2963 711 3025 sint
735 2951 917 3026 itiscendere
938 2961 1108 3037 mundum;

246 3073 277 3120 et
296 3057 419 3138 Tityos,
439 3057 571 3135 Latona,
591 3073 662 3120 tuae
683 3076 807 3120 memor
826 3057 937 3120 anxius
958 3056 1021 3118 irae

246 3151 463 3234 (implacabilis
484 3151 530 3214 ira
549 3151 655 3229 nimis)
674 3153 755 3214 iacet
774 3152 854 3214 alitis
874 3171 943 3214 esca
964 3185 1001 3196 -

246 3264 375 3325 terreor,
396 3267 423 3325 a,
443 3247 536 3310 tantis
557 3247 697 3309 insistere
716 3261 836 3310 terreor
856 3246 986 3308 umbris.

297 3458 337 3492 2ιο
349 3445 425 3503 inquit
434 3444 490 3503 quid
500 3444 589 3490 metitis
598 3452 667 3503 atque
677 3446 762 3491 dilatus
802 3457 838 3490 211
855 3457 892 3489 me
928 3442 964 3488 226
976 3441 1023 3487 vidi
1060 3440 1203 3490 217lumina

247 3516 389 3560 cumlucent
429 3514 508 3559 omnia
548 3522 666 3559 natarent
701 3526 740 3560 aaa
753 3513 925 3572 sanguineaque
964 3509 1059 3556 arbosB
1097 3510 1136 3556 226
1148 3509 1202 3556 iure

246 3595 285 3637 227
302 3583 403 3629 iustitiae
416 3583 482 3640 prior
537 3595 577 3641 23ο
595 3583 711 3641 poenafit
765 3595 803 3639 232
822 3595 877 3627 cum
890 3579 978 3628 marios
1035 3591 1073 3636 233
1092 3590 1167 3638 ponae
1182 3581 1205 3620 Β

245 3655 285 3708 235
298 3652 420 3697 devinctus
459 3662 498 3708 232
511 3649 579 3708 tityus
618 3659 670 3696 tuas
709 3651 756 3696 iras
