2578 4242
470 352 515 398 AD
530 352 557 398 V.
572 352 673 406 tab-261
1025 356 1059 420 81

75 534 156 599 licet
175 533 248 595 talia
268 532 455 596 substituere
474 534 566 614 quale
585 531 793 608 macerandus,
813 533 869 596 sed
882 534 945 597 hoc
959 533 1064 616 ipsum

76 627 254 710 flagitatur:
279 643 465 706 tranaturus‚
485 625 674 691 traiciendus
695 628 744 706 (cf.
765 631 831 705 215,
851 632 931 694 Aen
942 630 970 708 6,
984 631 1062 710 671).

76 738 176 802 atque
197 737 310 784 notum
324 737 369 784 est
382 739 564 785 sermonem
576 722 726 785 Latinum
740 724 927 804 popularem
946 726 1063 788 multos

75 815 320 898 participiorum
352 815 491 881 defectus
521 815 627 880 multis
657 818 761 880 modis
786 817 902 898 passim
927 819 1063 882 aliorum

75 910 321 992 participiorum
340 930 401 992 ope
422 911 534 974 sarcire
548 911 714 990 studuisse,
734 913 790 976 sed
806 912 839 974 in
852 909 1063 976 urbanitatem

76 1005 149 1068 eius
176 1004 264 1068 modi
289 1021 419 1068 conatus
445 1025 622 1087 numquam
651 1009 788 1070 multum
814 1007 958 1070 valuisse.
1007 1007 1063 1071 illo

76 1116 189 1164 autem
209 1098 363 1181 participii
382 1120 497 1180 genere
519 1117 549 1164 et
569 1121 657 1164 casca
675 1100 786 1183 lingua
809 1123 866 1164 usa
886 1119 931 1164 est
951 1103 985 1166 in
1004 1123 1063 1166 no·

76 1194 221 1257 minibus
247 1195 351 1276 qualia
370 1193 535 1259 Adelenda
560 1192 782 1262 Commelenda
804 1197 955 1262 secundus
978 1219 1063 1262 vere·

76 1288 199 1352 cundns
217 1289 424 1356 more'lrrendns
447 1307 479 1353 et
499 1291 676 1356 Varronem
700 1291 744 1355 sic
771 1312 865 1355 usum
890 1313 956 1358 esse
976 1293 1064 1357 vide·

76 1404 167 1446 mus:
188 1382 405 1464 hngersimum
422 1385 557 1467 spatium
576 1386 832 1450 senescendornm
849 1385 1013 1452 heremum
1032 1387 1069 1450 e'd

72 1485 234 1559 putarunt
255 1480 305 1557 (de
330 1479 392 1542 1.1.
413 1481 441 1558 6,
470 1482 528 1560 rr),
557 1481 707 1544 Verrium
736 1481 887 1546 Flaccum
916 1480 950 1544 in
980 1481 1064 1546 fastis

76 1572 290 1636 Praenestinis
309 1575 366 1637 sic:
391 1572 492 1638 Flora
512 1595 592 1658 qnae
611 1576 706 1640 rebus
715 1575 923 1660 florescendo
937 1585 1068 1656 praeest

77 1668 151 1747 (alia
166 1667 287 1730 Neuius
302 1688 329 1746 2,
349 1669 431 1749 347l3
462 1686 564 1752 atque,
577 1671 641 1732 fere
662 1688 697 1734 ut
716 1672 773 1734 illo
790 1674 863 1735 loco
884 1669 1065 1733 narrandus

77 1764 112 1826 in
133 1762 222 1824 libris
243 1762 369 1843 ponitur
385 1783 497 1844 proco
518 1765 573 1846 qui
587 1765 720 1828 tranabit
735 1780 871 1843 coactus,
891 1780 926 1827 ut
946 1761 1063 1828 scilicet

74 1861 213 1920 verbum
233 1875 382 1920 neutrum
402 1860 515 1922 habeat
534 1859 736 1941 participium
757 1859 849 1940 quale
875 1859 908 1921 in
928 1859 1063 1922 iaciendi

74 1956 177 2016 verbo
192 1968 238 2015 est
251 1953 450 2027 tenendus,
471 1955 601 2017 Plautus
622 1955 700 2017 dixit
713 1953 871 2036 phecenda
894 1954 950 2018 dos
968 1963 1016 2018 est
1033 1971 1064 2018 et

67 2047 187 2130 puppis
211 2046 406 2128 pereundast
420 2048 520 2129 probe
545 2047 642 2128 (Trin.
668 2053 741 2130 1159
766 2049 857 2131 Epid.
879 2051 936 2130 74).
986 2070 1063 2131 ergo

75 2143 147 2204 aliis
168 2142 226 2204 ista
245 2143 341 2204 verba
361 2143 556 2206 mutantibus
577 2144 728 2225 (Scaliger
747 2145 877 2225 quidem
898 2144 1009 2226 repetit
1029 2161 1063 2208 ut

75 2235 192 2299 tradita
221 2251 294 2298 sunt
324 2235 364 2298 ad
393 2257 421 2300 v.
442 2237 509 2318 381)
539 2239 752 2303 assensionem
782 2238 1002 2302 cohibebimus
1033 2257 1063 2302 et

75 2330 319 2394 recordabimur
339 2333 478 2395 eundem
497 2349 626 2415 poetam
653 2351 684 2397 et
701 2342 873 2415 serpentem
892 2333 1063 2397 volventem
1111 2390 1115 2396 .

78 2443 109 2490 et
129 2425 284 2488 volventes
303 2426 447 2490 membra
468 2443 498 2490 et
512 2429 644 2492 umbras
657 2429 846 2510 duplicantes
859 2445 889 2490 et
901 2429 1063 2514 narrantes

69 2520 184 2602 flores,
204 2539 245 2581 ne
265 2519 319 2582 illa
338 2521 468 2603 quidem
489 2522 556 2586 sine
577 2524 729 2605 exemplis
748 2524 805 2586 sed
822 2523 894 2585 vivo
915 2543 1062 2586 sermone

78 2615 171 2693 duce,
192 2615 323 2678 carmini
342 2616 492 2680 intulisse.

156 2709 261 2772 Obvia
290 2710 325 2772 fit
354 2709 387 2774 in
412 2711 556 2794 Elysium
581 2711 760 2775 advenienti
791 2713 836 2791 (ut
862 2712 953 2776 ohan
984 2711 1114 2784 Tisi-261

72 2805 177 2885 pleone
190 2801 223 2866 in
237 2802 362 2868 Tartari
375 2805 484 2869 limine
499 2827 526 2868 v.
541 2808 608 2886 218)
623 2807 811 2889 Proserpina
825 2825 899 2871 curn
913 2807 1063 2884 heroinis,

78 2915 113 2960 ut
134 2914 180 2960 est
200 2898 233 2960 in
254 2899 406 2982 Odyssiae
426 2902 517 2967 izai
538 2899 573 2964 ui
590 2901 626 2965 dl
640 2914 787 2982 γυναῖκες
798 2904 938 2988 ἤλυθον,
957 2907 1061 2989 ὤτρυ-

77 3017 132 3060 νεν
158 2993 219 3079 γὰρ
246 2993 350 3082 ἀγαυὴ
373 2996 608 3083 Περσεφόνεια,
639 2997 734 3062 ὅσσαι
761 2999 919 3081 ἀριστήων
946 2999 1062 3080 ἄλοχοι

77 3091 156 3152 ἕσαν
183 3087 241 3174 ἠδὲ
269 3090 441 3176 θύγατρες.
492 3091 565 3152 inde
595 3091 647 3154 ille
678 3092 849 3155 mulierum
880 3092 1061 3170 comitatum

76 3183 144 3263 ipsa
174 3203 224 3245 res
254 3199 360 3248 autern
390 3187 505 3250 iterum
535 3185 707 3264 inuenitur,
740 3187 773 3248 in
807 3187 884 3249 Stati
918 3186 1061 3267 epicedio

78 3278 237 3342 Priscillae
261 3279 328 3342 silv.
351 3283 377 3358 5,
402 3283 502 3359 1‚253
521 3281 749 3364 praetereare
770 3281 894 3362 quando
911 3281 967 3362 pio
993 3279 1060 3343 lan·

77 3375 154 3438 data
177 3375 294 3438 marin
317 3375 433 3438 embra
455 3377 547 3450 venz't,
573 3375 657 3439 enbet
677 3375 726 3437 ire
746 3375 841 3454 faces
865 3376 1062 3458 Proserpina

77 3471 177 3532 laetus
196 3489 400 3552 egressasque
418 3470 521 3534 sacris
539 3480 658 3532 veteres
670 3468 820 3531 heroidas
831 3469 934 3533 antris
947 3469 1063 3534 hemme

70 3575 234 3647 purpureo
264 3565 369 3628 trz'stes
397 3564 513 3628 laxare
541 3561 687 3626 tenebras
713 3572 858 3644 sertaque
887 3573 919 3628 et
939 3565 1111 3648 Elysium

76 3661 205 3724 antntae
228 3669 451 3741 praesternere
470 3658 581 3741 flores.
632 3659 792 3721 adnotavit
822 3675 929 3738 autem
956 3660 1062 3723 Mark-

889 3772 906 3826 6
