2578 4242
225 341 263 402 32
584 336 847 385 connanramvs

224 519 337 586 landus
362 520 457 581 ‘totus
480 517 532 580 hic
552 517 642 581 Statii
665 519 756 581 locus
781 533 926 600 sumptus
951 534 998 584 est
1018 539 1057 581 ex
1077 519 1207 600 Vergilii

225 613 354 692 Culice',
380 613 521 694 quodsi
543 614 584 675 ita
609 627 690 676 esset
714 632 780 676 non
805 613 923 676 mirum
949 629 1030 678 esset
1054 613 1089 676 in
1110 614 1207 678 Statio

225 707 343 770 Culicis
363 708 494 786 lectore;
523 707 579 770 sed
605 707 683 770 dixit
707 707 787 770 illud
808 707 1012 772 Marklandus
1038 709 1128 772 nulla
1155 729 1209 772 ne-

215 803 365 866 cessitate
379 817 516 880 coactus,
535 803 595 866 nisi
609 802 697 883 quod
711 801 756 864 rei
770 819 931 883 praeterea
944 803 1072 866 nullum
1084 801 1209 866 videtur

225 899 329 961 extare
348 897 530 980 vestigium;
550 897 606 959 sed
620 897 722 959 Culex
743 897 823 960 nihil
835 898 932 961 habet
944 896 1005 959 nisi
1017 897 1108 978 quod
1121 917 1209 978 prae-

224 1009 323 1058 stetur
342 995 382 1055 ab
395 993 551 1068 Homero,
571 991 686 1053 Statius
707 1011 829 1054 novum
850 1007 880 1055 et
900 993 1109 1056 memorabile
1124 993 1209 1056 addit

225 1088 356 1151 honoris
377 1107 469 1150 causa
489 1086 559 1150 fidis
580 1087 770 1169 coniugibus
795 1086 924 1150 obviam
941 1087 1111 1150 'venientes
1132 1087 1210 1150 fide-

224 1183 371 1260 lissimas;
392 1183 525 1269 eandem
539 1181 572 1242 in
582 1181 705 1245 Culicis
719 1181 891 1264 exemplari
903 1182 1092 1244 sententiam
1103 1182 1209 1260 fuisse,

224 1279 280 1342 sed
292 1277 476 1341 tractatione
491 1277 699 1354 obscuratam,
720 1291 755 1338 ur
768 1276 886 1339 scilicet
899 1277 990 1340 culex
1003 1278 1045 1339 ob
1060 1277 1209 1358 pietatem

225 1388 368 1436 mortuus
382 1373 422 1434 ab
436 1370 621 1433 heroidibus
633 1371 829 1449 salutaretur,
850 1392 887 1434 ea
907 1371 946 1434 de
961 1391 1056 1435 causa
1076 1393 1146 1436 non
1166 1388 1211 1435 est

225 1467 401 1530 admodum
421 1466 595 1547 probabile,
616 1464 705 1546 quod
725 1465 777 1527 ille
798 1464 831 1527 in
844 1465 976 1528 Tartara
996 1467 1079 1530 redit
1098 1489 1128 1529 v.
1145 1469 1209 1546 372.

222 1577 357 1644 uterque
382 1559 476 1642 igitur
501 1562 540 1622 ab
561 1561 705 1623 Homero
730 1559 861 1642 pender;
886 1580 905 1624 a
928 1559 1006 1623 Stati
1032 1577 1144 1625 autem
1164 1563 1211 1624 in·
1279 1619 1280 1632 ,

223 1656 320 1738 genio
340 1676 407 1719 non
426 1656 567 1718 alienum
588 1671 633 1718 est
653 1655 720 1717 eius
733 1655 856 1736 generis
871 1669 1057 1737 argumenta
1077 1658 1211 1738 proprio
1279 1649 1280 1720 l

225 1751 325 1813 Marte
345 1771 507 1830 exornare,
528 1751 566 1813 cf.
587 1751 656 1814 silv.
678 1754 704 1828 5,
720 1752 753 1828 3,
773 1751 832 1831 284
854 1746 896 1814 ite
916 1750 965 1831 pii
987 1769 1099 1812 inanes
1127 1751 1210 1816 Gra·

224 1845 349 1926 zicmque
372 1845 523 1910 examina
548 1847 666 1920 vanem,
691 1845 904 1927 tlhutrentque
926 1843 1069 1907 aminam
1093 1846 1212 1926 (patris)

224 1939 368 2002 Lethaeis
386 1941 527 2022 spargite
549 1940 643 2016 sertas
664 1951 697 2004 et
717 1949 888 2004 monstrate
910 1959 1021 2003 nemus
1039 1959 1100 2020 quo
1120 1941 1211 2004 nulla

225 2035 381 2116 irrumpit.
392 2033 524 2116 Ereizys;
549 2036 576 2112 3,
598 2036 624 2112 3,
645 2055 683 2097 22
706 2033 985 2116 exultent-placidi
1000 2033 1144 2098 Lethaea
1169 2035 1215 2099 ad

215 2128 357 2210 flumina
377 2148 494 2202 manes,
514 2128 641 2210 Elysiae
660 2130 798 2212 gaudete
816 2129 935 2203 demtis,
956 2128 1027 2192 dare
1045 2139 1135 2193 serta
1150 2141 1212 2212 per

224 2242 305 2286 aras
323 2222 471 2303 strataque
496 2223 647 2303 pallentes
674 2223 816 2288 hilarent
835 2223 956 2288 altaria
983 2224 1076 2286 lucos.
1128 2223 1212 2289 inter

172 2337 212 2384 ata
226 2317 372 2382 heroidas
387 2316 522 2398 primam
536 2319 676 2382 Alcestin
693 2340 767 2383 cum
779 2320 918 2383 Admeto
937 2318 972 2381 in
988 2317 1212 2383 Chalcodoniis

226 2415 321 2478 fuisse
341 2416 471 2493 (nomen
491 2413 624 2476 restituit
645 2412 827 2492 Dorvillius)
849 2414 1026 2477 doctrinam
1046 2427 1210 2476 ostentans

225 2510 315 2573 dicit:
337 2507 642 2591 habet'singularem
663 2509 807 2573 notitiam
827 2508 912 2570 unde
933 2507 1024 2570 nobis
1044 2507 1143 2584 venir,
1170 2528 1209 2570 ex
1278 2537 1279 2584 4

224 2604 378 2686 Apolloni
394 2603 513 2666 Rhodii
536 2605 640 2685 primo
661 2625 689 2667 v.
702 2623 742 2683 49
780 2599 860 2669 οὐδὲ
892 2606 1011 2688 Φεραῖς
1038 2603 1210 2688 Ἀδμητος

179 2727 183 2764 1
224 2698 424 2785 e'uppp'veootr
438 2698 724 2781 oivtiodtov'plpvav
746 2699 811 2764 ὑπὸ
832 2701 971 2783 σκοπιὴν
997 2700 1087 2782 ὄρεος
1110 2698 1208 2762 Χαλ-

225 2795 410 2869 κωδονίοιο,
434 2793 490 2854 ubi
517 2792 595 2854 nihil
625 2792 701 2854 novi
730 2792 900 2874 ascriptum
931 2807 977 2855 est
1005 2791 1039 2853 in
1068 2791 1208 2854 scholiis.

216 2889 295 2968 fata
304 2888 444 2949 Bembus
457 2887 572 2969 posuit,
591 2907 665 2949 cum
679 2887 712 2950 in
725 2886 813 2951 libris
826 2887 864 2950 sit
878 2891 973 2950 cura:
992 2885 1208 2967 probabiliter,

226 2997 381 3063 quatenus
406 3001 485 3044 cura
511 2981 562 3044 hic
587 3001 693 3045 errore
718 2981 885 3064 repetitum
917 3001 982 3044 esse
1013 2982 1208 3044 vocabulum

118 3111 119 3116 κ
225 3079 332 3160 potest‘
348 3097 388 3139 ex
407 3097 499 3139 versu
513 3076 725 3140 antecedente.
766 3075 980 3142 coniecturam
997 3095 1111 3155 meam,
1130 3077 1208 3140 scri·
1277 3147 1278 3154 ,

225 3173 327 3254 ps'isse‘
335 3175 464 3254 poetam
476 3170 606 3235 Admeti
616 3170 690 3234 eitra
704 3179 867 3245 moratast,
883 3192 949 3235 non
966 3172 1038 3235 satis
1052 3170 1207 3252 exemplis
1277 3213 1278 3226 r

226 3267 435 3351 comprobare
456 3286 586 3348 possum
606 3277 688 3347 qua'e
708 3267 875 3330 ostendant
894 3266 927 3329 in
945 3268 1004 3330 hac
1017 3285 1095 3330 voce
1109 3286 1206 3328 usum

224 3364 362 3446 genetivi
376 3362 570 3427 contrarium
583 3361 629 3423 illi
648 3360 773 3424 cubicas
789 3362 910 3424 uanam
922 3380 997 3424 tura
1007 3362 1084 3440 fere
1098 3361 1207 3443 Sb‘gr's

225 3459 309 3538 (Sen.
321 3458 413 3521 Herc.
425 3458 445 3519 f.
460 3458 535 3537 558),
555 3455 660 3520 tristm
679 3455 754 3518 iura
768 3455 821 3521 dei
838 3457 926 3540 (epia
942 3456 1038 3520 Drusi
1050 3459 1129 3536 440).
1166 3459 1206 3520 de

172 3553 331 3617 attuatii
363 3552 426 3614 dixi
457 3551 496 3614 ad
523 3572 551 3612 v.
577 3571 619 3612 11.
654 3550 710 3612 ad
741 3550 844 3616 Itlraci
869 3551 961 3616 decus
991 3551 1028 3614 cf.
1051 3553 1116 3616 360.
1136 3572 1206 3632 402.

227 3645 373 3707 Icariotis
404 3645 488 3726 apud
523 3645 723 3726 Propertium
764 3660 794 3707 et
827 3646 978 3709 Ovidium
1013 3646 1206 3710 nominatur.
