2600 4242
244 311 262 372 5
652 311 758 358 cvrnx

244 491 291 554 his
311 493 437 554 suberat
456 490 566 572 gelidis
587 511 717 554 manans
737 513 753 553 e
778 492 917 559 fontibus
941 496 1035 573 unda,

244 607 325 668 quae
345 585 466 648 levibus
486 586 647 667 placidum
667 586 739 648 rivis
759 604 851 650 sonat
869 604 936 652 acta
956 591 1126 672 liquorum.

179 702 218 746 150
244 695 274 741 et
294 699 421 761 quaqua
440 679 581 760 geminas
602 679 708 741 avium
726 700 788 742 vox
808 683 960 764 obstrepit
979 705 1078 764 aures,

133 779 134 786 ’
244 776 302 838 hac
322 775 473 856 querulae
492 775 631 836 referunt
651 795 744 837 voces
765 775 835 856 quis
856 779 961 840 nantia
981 779 1059 844 limo

244 889 378 951 corpora
398 869 529 952 lympha
549 870 648 947 loven
669 869 789 932 sonitus
810 871 864 933 alit
884 873 963 934 aeris
984 875 1072 954 echo,

242 965 360 1046 argutis
381 981 411 1027 et
432 979 544 1028 cuncta
564 965 703 1026 fremunt
723 965 835 1028 ardore
856 967 978 1030 cicadis.

242 1075 272 1121 at
293 1060 374 1122 circa
393 1060 509 1141 passim
531 1059 629 1132 fessae
650 1061 788 1122 cubuere
810 1063 946 1142 capellae

136 1150 154 1228 l
178 1175 217 1219 555
242 1155 371 1217 excelsis
392 1156 499 1217 subter
520 1154 634 1233 dumis,
655 1175 736 1237 quos
757 1156 868 1226 leniter
887 1159 1005 1222 adflans

242 1272 318 1314 aura
337 1252 526 1313 susurrantis
546 1251 646 1332 poscit
667 1252 861 1314 confundere
882 1255 975 1317 venti.

241 1362 348 1427 pastor
366 1362 401 1408 ut
420 1347 459 1408 ad
480 1347 601 1409 fontem
623 1347 719 1409 densa
738 1348 891 1428 requievit
911 1349 943 1411 in
964 1354 1084 1428 umbra,

242 1441 352 1503 mitem
373 1441 517 1523 concepit
536 1441 695 1523 proiectus
716 1445 859 1505 membra
879 1465 1037 1526 soporem,

241 1535 351 1597 anxius
372 1535 491 1597 insidiis
513 1536 615 1610 nullis,
636 1537 692 1598 sed
712 1537 815 1600 lentus
835 1538 868 1599 in
890 1539 994 1602 herbis

176 1647 216 1692 160
240 1651 353 1694 securo
374 1651 496 1712 pressos
516 1651 632 1695 somno
653 1633 855 1695 mandaverat
877 1649 976 1712 artus3

241 1743 354 1789 stratus
374 1728 465 1790 humi
485 1728 612 1789 dulcem
634 1728 775 1809 capiebat
795 1729 891 1791 corde
911 1731 1059 1811 quietem,

241 1822 274 1884 ni
295 1823 374 1884 Fors
394 1822 529 1884 incertos
551 1822 689 1886 iussisset
709 1823 823 1886 ducere
845 1844 943 1886 casus.

299 1919 381 1981 Nam
402 1919 532 1981 solitum
551 1919 680 1981 volvens
701 1919 741 1980 ad
761 1935 887 2000 tempus
907 1921 1056 1983 tractibus
1073 1922 1173 1985 isdem

241 2013 388 2075 immanis
408 2013 496 2074 vario
518 2014 693 2076 maculatus
714 2034 847 2095 corpore
868 2035 1005 2096 serpens,

177 2128 216 2172 555
243 2127 363 2169 mersus
384 2123 418 2169 ut
438 2108 471 2169 in
491 2109 568 2170 limo
590 2128 706 2188 magno
727 2109 902 2172 subsideret
922 2127 1018 2187 aestu,

243 2202 336 2264 obvia
355 2202 490 2263 vibranti
510 2223 648 2284 carpens,
669 2204 771 2284 gravis
791 2225 872 2282 aere,
893 2205 1010 2287 lingua,

204 2331 217 2401 f
241 2317 428 2378 squamosos
448 2297 508 2358 late
529 2300 696 2379 torquebat
716 2300 854 2361 motibus
876 2302 984 2378 orbes;

242 2394 394 2455 tollebant
413 2391 477 2454 irae
497 2393 650 2455 venientis
671 2394 711 2454 ad
732 2395 839 2456 omnia
859 2395 952 2456 visus.

241 2489 304 2550 iam
326 2488 425 2569 magis
446 2503 539 2569 atque
560 2487 659 2568 magis
681 2508 792 2569 corpus
813 2490 987 2553 revolubile
1007 2491 1136 2553 volvens

177 2600 216 2646 170
241 2583 353 2645 attollit
373 2583 479 2645 nitidis
499 2599 609 2664 pectus
630 2583 821 2664 fulgoribus:
842 2603 914 2646 ecce

240 2679 369 2740 sublimi
390 2679 509 2741 cervice
529 2693 632 2759 caput,
652 2678 704 2739 cui
724 2679 815 2741 crista
834 2699 969 2760 superne

202 2795 211 2843 l
241 2773 333 2851 edita,
354 2789 518 2854 purpureo
539 2773 648 2835 lucens
668 2774 844 2835 maculatur
863 2775 979 2837 amictu

241 2883 432 2948 aspectuque
452 2867 546 2929 micat
565 2867 765 2929 flammarum
786 2869 906 2931 lumine
929 2885 1029 2932 torvo,

241 2964 378 3024 metabat
398 2982 465 3024 sese
486 2962 604 3024 circum
625 2964 709 3040 loca;
730 2982 804 3024 cum
824 2964 909 3026 videt
928 2965 1039 3046 ingens

176 3074 215 3119 555
241 3056 408 3119 adversum
428 3058 578 3119 recubare
600 3058 714 3120 ducem
735 3057 847 3138 gregis,
868 3058 970 3122 acrior
989 3061 1081 3122 instat

240 3151 361 3214 lumina
382 3150 559 3214 diffundens
580 3152 742 3222 intendere
763 3168 793 3214 et
814 3154 907 3216 obvia
927 3169 1034 3216 torvos

241 3247 363 3328 saepius
384 3247 534 3328 arripiens
555 3248 735 3329 infringere,
756 3249 845 3330 quod
865 3269 921 3311 sua
942 3250 1110 3331 quisquam

208 3373 210 3378 .
241 3343 281 3404 ad
302 3343 382 3405 vada
401 3342 543 3406 venisset.
585 3359 715 3406 naturae
736 3359 895 3427 comparat
915 3365 1010 3423 arma,

294 3515 437 3573 148superat
478 3529 515 3575 149
529 3523 580 3561 orta
593 3516 710 3576 liquorem
752 3528 945 3575 rsoquemquam
985 3529 1020 3572 555
1036 3517 1145 3576 querulas
1159 3530 1194 3560 rx-
1286 3573 1287 3580 ἵ

240 3590 312 3635 rapta
333 3594 369 3637 555
380 3585 525 3642 excelsisque
535 3597 606 3642 nuper
639 3597 700 3643 quos
708 3584 792 3630 leniter
800 3591 910 3637 excerpta:
919 3597 978 3642 quae
988 3585 1068 3629 leviter
1097 3585 1132 3642 163
1143 3585 1194 3631 idae

242 3651 278 3704 565
292 3651 420 3696 subriderir
462 3653 499 3706 167
513 3653 633 3698 montibus
674 3653 793 3699 168aurae
835 3660 946 3707 r7oetee
988 3653 1025 3708 176
1038 3663 1106 3698 torvo
