2600 4242
536 321 642 370 CVLEX

100 507 143 570 ad
164 507 288 589 Stygias
308 520 472 568 revocatus
491 523 588 586 aquas
607 503 658 566 vix
679 505 809 566 ultimus
828 503 913 566 amni
1081 524 1125 569 240

101 618 185 666 extat
205 619 364 666 nectareas
384 602 494 664 divum
514 600 570 681 qui
589 599 730 682 prodidit
749 619 844 674 escas,

101 698 237 780 gutturis
259 696 356 760 arenti
379 696 541 760 revolutus
561 695 595 758 in
616 695 724 758 omnia
743 713 846 756 sensu.

102 793 181 875 quid
201 811 312 854 saxum
332 790 444 873 procul
465 791 596 852 adverso
617 790 673 871 qui
691 804 801 853 monte
821 786 960 864 revolvit,

102 886 328 969 contempsisse
349 886 442 949 dolor
462 903 559 967 quem
578 884 711 947 numina
730 883 826 946 vincit
846 883 993 945 acerbus?

102 982 167 1044 otia
188 996 392 1063 quaerentem
412 980 526 1043 frustra
545 980 647 1057 sinite,
667 979 708 1043 ite
729 980 863 1061 puellae,

101 1078 155 1148 ite,
176 1077 290 1158 quibus
310 1076 416 1138 taedas
436 1075 578 1139 accendit
598 1075 692 1138 tristis
713 1073 841 1154 Erinys:

101 1173 184 1234 sicut
202 1171 330 1255 Hymen
350 1171 488 1253 praefata
508 1170 594 1232 dedit
614 1169 751 1233 conubia
771 1165 892 1231 Mortis.

103 1285 198 1349 atque
219 1267 294 1330 alias
314 1266 376 1329 alio
397 1267 509 1328 densas
529 1285 624 1346 super
644 1265 770 1346 agmine
790 1279 936 1326 turmas*

102 1363 262 1444 impietate
283 1362 349 1424 fera
367 1361 555 1424 vaecordem
576 1359 732 1424 Colchida
750 1375 893 1437 matrem,

102 1457 197 1520 anxia
214 1429 353 1520 sollicitis
374 1456 579 1518 meditantem
598 1455 729 1517 vulnera
749 1454 843 1532 natis3

102 1554 167 1616 iam
188 1552 378 1615 Pandionias
398 1549 592 1614 miserandas
611 1550 700 1631 prole
721 1550 852 1632 puellas,

104 1667 241 1728 quarum
261 1667 323 1708 vox
345 1647 414 1728 Ityn
434 1646 499 1708 edit
519 1647 597 1727 Ityn,
619 1665 684 1727 quo
706 1645 865 1707 Bistonius
886 1663 940 1706 rex

104 1745 212 1822 orbus,
233 1762 341 1823 epops,
362 1756 489 1819 maeret,
508 1741 653 1804 volucres
674 1755 799 1803 evectus
819 1739 853 1801 in
876 1757 976 1800 auras.

104 1854 136 1902 at
157 1838 370 1901 discordantes
391 1836 534 1900 Cadmeo
555 1836 675 1898 semine
697 1835 805 1898 fratres

104 1934 170 1996 iam
189 1932 366 1996 truculenta
387 1931 491 1994 ferunt
511 1931 685 2011 infestaque
706 1929 827 1992 lumina
848 1947 963 2008 corpus

105 2029 184 2091 alter
202 2028 235 2090 in
256 2027 391 2096 alterius.
412 2027 538 2107 iamque
559 2040 717 2089 aversatus
737 2039 880 2105 uterque,

105 2123 204 2204 impia
224 2122 366 2204 germani
385 2137 493 2184 manat
513 2121 602 2203 quod
621 2120 775 2202 sanguine
796 2121 911 2182 dextra.

106 2218 189 2281 eheu
210 2217 380 2280 mutandus
400 2235 577 2298 numquam
597 2217 687 2279 labor
706 2249 744 2262 -·-
764 2216 891 2279 auferor
912 2216 993 2278 ultra

106 2313 141 2376 in
162 2312 283 2374 diversa
303 2312 416 2392 magis:
437 2307 582 2375 distantia
601 2311 733 2374 numina
753 2331 858 2390 cerno,

107 2407 249 2488 Elysiam
267 2407 437 2469 tranandus
458 2429 536 2490 agor
556 2409 676 2471 delatus
696 2408 737 2470 ad
757 2407 885 2470 undam.

108 2502 203 2565 obvia
223 2503 425 2583 Persephone
446 2504 577 2566 comites
598 2501 744 2565 heroidas
764 2517 878 2583 urguet

108 2598 254 2660 adversas
274 2597 429 2678 praeferre
450 2597 545 2674 laces;
566 2597 698 2659 Alcestis
719 2599 758 2658 ab
779 2596 868 2658 omni

108 2693 258 2756 inviolata
277 2707 365 2754 vacat
385 2711 469 2768 cura,
491 2692 578 2773 quod
598 2711 689 2754 saeva
710 2691 812 2754 mariti

108 2789 143 2851 in
164 2787 390 2851 Chalcodoniis
410 2788 539 2850 Admeti
556 2803 655 2855 †cura
675 2803 795 2850 morata
816 2801 869 2848 est.

109 2903 183 2946 ecce
203 2884 300 2946 Ithaci
321 2884 459 2947 coniunx
479 2902 605 2964 semper
624 2883 720 2946 decus
745 2882 891 2952 Icariotis,

110 2978 285 3042 femineum
305 2993 474 3059 conspecta
494 2978 599 3054 decus,
620 2994 727 3041 manet
747 2992 777 3039 et
796 2977 909 3057 procul
929 2976 982 3037 illa

109 3076 202 3138 turba
223 3075 311 3137 ferox
332 3074 495 3151 iuvenum,
515 3073 585 3135 telis
606 3073 739 3149 confixa,
760 3090 942 3152 procorum.
1012 3087 1014 3092 ’

111 3169 189 3251 quid
209 3169 323 3232 misera
342 3168 501 3249 Eurydice
521 3183 608 3230 tanto
632 3187 774 3230 maerore
795 3165 920 3228 recessit

110 3284 278 3346 poenaque
300 3279 458 3344 respectus
484 3278 515 3325 et
534 3282 619 3325 nunc
640 3277 754 3339 manet,
781 3260 938 3342 Orpheus,
964 3260 1063 3322 inte?
1102 3328 1104 3334 s

110 3359 214 3421 audax
235 3357 287 3420 ille
308 3358 448 3438 quidem,
470 3358 525 3439 qui
545 3358 652 3420 mitem
675 3357 838 3419 Cerberon
860 3372 1013 3436 umquam
1090 3367 1133 3412 tto

163 3543 199 3585 241
215 3539 287 3577 restat
322 3531 410 3590 243qui
452 3543 534 3577 averto
570 3530 717 3584 macerbat
744 3540 782 3586 245
792 3529 866 3574 siblite
894 3528 1065 3588 mptucordam

111 3600 230 3647 conchidt
262 3601 390 3655 252voxit
408 3600 432 3646 in
447 3600 476 3645 ed
490 3608 544 3657 ytyn
559 3599 624 3658 quod
664 3611 702 3655 254
716 3598 745 3644 td
786 3608 878 3643 cutmeo
911 3598 950 3644 262
964 3598 1066 3656 perferre

111 3669 150 3724 264
159 3669 321 3715 chalcedoniis
343 3667 488 3724 resiliamus
511 3667 550 3712 266
559 3674 674 3724 concepta
701 3667 764 3712 illam
784 3677 823 3721 270
832 3667 927 3712 cerbere
937 3677 1066 3724 numquam
