2578 4242
480 351 525 398 ΑΙ)
540 351 566 399 V.
582 364 682 410 ¹94·²0¹
1035 353 1073 432 69

84 549 187 614 atque
213 533 295 594 hanc
320 532 452 613 pastoris
478 532 672 596 notationem
695 532 758 594 iam
783 533 961 596 continuari
981 549 1074 615 atque

82 627 232 709 suppleri
252 627 411 690 videmus:
437 627 492 708 qui
516 627 651 709 impiger
670 627 801 708 quidem
821 629 876 691 sed
897 643 984 692 metu
1005 649 1074 691 cor-

86 737 200 804 reptus
226 722 362 804 impiger
385 723 495 799 fuerat,
521 737 661 784 mentem
686 741 726 784 eo
752 722 857 784 minus
881 723 1074 804 implicatam

87 816 263 880 formidine
277 817 422 889 habebat,
441 816 611 898 quoderat
621 837 647 879 e.
662 837 691 898 q.
706 837 730 878 s.
750 837 805 880 nec
817 816 912 897 praes
924 818 1075 898 aspiciens

85 912 189 984 amar
207 921 427 976 occaecaverat
441 921 540 976 artus.
581 911 754 976 identidem
772 911 812 973 ad
825 911 980 975 librorum
1000 913 1075 975 scri-

88 1022 219 1088 pturam
240 1006 459 1086 explicandam
479 1006 561 1068 hanc
574 1006 657 1068 viam
671 1006 830 1087 temptavi,
850 1021 885 1068 ut
904 1005 1078 1088 quoderat

85 1100 205 1166 tardus
235 1100 340 1164 somni
366 1099 528 1182 languore,
562 1121 602 1164 eo
632 1110 749 1164 remota
777 1101 822 1163 sic
852 1101 917 1164 fere
946 1118 1074 1183 poetam

88 1196 208 1258 dixisse
240 1198 409 1276 probarem
437 1212 471 1258 ut
500 1196 619 1260 Seneca
647 1197 767 1260 Phoen.
792 1216 831 1278 47
867 1196 947 1278 quid
970 1198 1076 1279 segm's

85 1291 187 1354 traha
211 1290 298 1372 quad
316 1291 397 1364 aaa,
426 1290 544 1354 scilicet
568 1291 601 1352 id
626 1291 714 1373 quod
737 1291 772 1353 in
797 1311 848 1354 me
872 1307 966 1354 restat
984 1293 1074 1355 vitae.

86 1401 188 1467 atque
208 1386 412 1467 perspicuum
432 1386 562 1467 quidem
578 1406 760 1450 sermonem
781 1407 847 1450 non
868 1403 955 1450 curat
975 1404 1075 1469 poeta,

88 1496 232 1543 metrum
252 1496 323 1562 apte
335 1496 490 1544 structum
505 1500 701 1563 magnopere
712 1497 807 1562 curat,
828 1502 894 1564 quo
908 1503 974 1546 non
988 1503 1076 1546 com-

90 1576 263 1638 mendatur
285 1575 343 1638 ista
368 1577 533 1658 explicatio
560 1579 707 1642 molestas
733 1577 765 1640 in
785 1597 878 1640 versu
904 1579 1075 1641 sententiae

88 1669 262 1733 incisiones
282 1670 435 1748 efficiens3
466 1691 523 1735 nec
543 1693 619 1735 vero
645 1673 703 1754 ipsi
729 1673 900 1736 sententiae
920 1673 1074 1736 satisfacit.

88 1766 241 1828 timuerat
263 1780 378 1845 pastor,
409 1765 471 1828 cito
497 1765 664 1847 refugerat,
694 1765 809 1828 deinde
835 1766 1075 1847 impugnaverat

91 1860 240 1938 bestiam3
270 1860 334 1922 iam
362 1860 451 1922 amni
477 1860 630 1940 langssare
658 1869 777 1924 remota
806 1876 837 1924 et
867 1862 955 1942 quod
981 1861 1077 1924 timor

87 1955 217 2018 subitus
241 1975 278 2018 ac
302 1955 545 2018 momentaneus
570 1955 679 2034 fuerat,
711 1955 806 2018 etiam
835 1956 946 2020 timere
977 1956 1075 2018 desiit.

90 2051 234 2132 primum
259 2050 355 2132 igitur
372 2051 477 2114 sorani
499 2070 566 2114 non
590 2067 700 2132 aptum
726 2066 771 2116 est
795 2052 845 2113 vel
870 2071 936 2114 non
956 2051 1078 2133 aptissi-

92 2165 194 2223 mum,
220 2160 354 2227 praestat
374 2145 467 2219 anni,
494 2165 567 2208 nam
593 2146 714 2227 primus
734 2148 871 2227 languor
891 2146 954 2208 iam
975 2168 1004 2210 v.
1024 2167 1079 2227 190

88 2239 288 2318 remov'etur3
329 2239 443 2302 deinde
483 2240 677 2303 desideratur
715 2240 920 2319 fortitudinis,
958 2241 1076 2303 strenui

89 2333 229 2415 durique
249 2334 347 2397 animi
366 2335 562 2417 significatio,
583 2355 649 2417 quo
668 2336 775 2399 animo
791 2337 908 2398 lactum
929 2335 967 2396 sit
988 2350 1022 2426 ut
1043 2335 1076 2396 in

89 2430 159 2510 ipsa
184 2448 292 2511 pugna
314 2430 463 2494 timorem
488 2430 678 2511 deposuerit.
728 2429 801 2492 licet
826 2449 892 2492 non
915 2429 1075 2491 lenissima

87 2525 130 2586 sit
144 2524 288 2603 mutatio,
306 2524 461 2606 aptiorem
481 2525 614 2588 inveniri
632 2525 889 2588 emendationem
903 2542 969 2586 non
984 2543 1075 2604 posse

87 2619 158 2682 scio
180 2619 273 2696 (certe
293 2619 483 2683 adiectivum
504 2619 647 2682 eiusdem
662 2639 770 2682 sensus
784 2620 909 2682 nullum
922 2634 987 2682 tam
1001 2638 1076 2700 pro-

93 2713 239 2780 babiliter
256 2715 471 2792 substituatur)
498 2734 594 2796 quam
619 2729 655 2778 ut
678 2714 831 2777 scribatur
854 2723 886 2778 et
904 2714 1079 2795 quoderat

89 2809 202 2883 matres,
228 2809 315 2872 amni
331 2809 485 2891 languore
509 2818 635 2872 remota.
675 2809 841 2873 audiamus
861 2810 1075 2872 Columellam

90 2904 137 2966 sic
156 2905 196 2968 de
217 2905 410 2986 capellarum
430 2903 580 2984 magistro
601 2904 846 2986 praecipientem
866 2924 894 2984 7,
915 2907 942 2983 6,
957 2926 989 2985 9:
1009 2925 1075 2968 ma·

84 2999 193 3080 gater
212 3007 317 3062 autem
329 2999 457 3081 pecoris
475 3018 559 3072 acer,
580 2998 688 3072 durus,
707 3009 861 3073 strenuus,
881 2999 1001 3064 labaris
1016 3010 1076 3081 pa·

89 3092 302 3168 ¹tientassimas,
328 3094 436 3157 alacer
454 3103 546 3176 atque
565 3094 676 3156 audax
695 3113 760 3158 esse
779 3093 874 3168 debat,
900 3103 932 3157 et
948 3094 1004 3175 qui
1013 3103 1077 3175 per

95 3197 196 3268 rupes,
213 3197 277 3269 per
295 3188 482 3262 solitudines,
502 3199 563 3270 per
581 3198 692 3270 vepres
705 3187 808 3268 facile
826 3186 927 3250 vadat
944 3207 969 3250 e.
991 3208 1020 3268 q.
1042 3209 1075 3266 a,

93 3283 132 3346 cf.
156 3282 305 3347 Varronis
325 3284 365 3346 de
385 3302 409 3345 r.
431 3304 455 3347 r.
476 3303 503 3362 2,
528 3304 570 3346 ιο.
598 3319 636 3330 -
662 3283 701 3345 de
722 3282 920 3365 pronominis
940 3302 999 3343 usu
1020 3283 1075 3364 qui
1088 3301 1128 3346 201

92 3377 192 3442 estin
213 3399 241 3438 v.
264 3397 319 3441 201
342 3378 416 3441 satis
436 3378 603 3459 disputavit
624 3377 770 3440 Naekius.

171 3475 238 3537 lam
259 3473 376 3536 omissa
396 3472 568 3536 curiosiore
581 3473 731 3555 pastionis
746 3469 950 3547 enarratione,
971 3470 1022 3533 cui
1042 3489 1075 3533 re

93 3570 194 3652 magis
214 3568 416 3632 memorabili
439 3568 586 3632 incohata
612 3588 671 3630 nec
690 3580 802 3649 poetae
828 3566 951 3628 animus
971 3586 1075 3647 neque

92 3687 183 3730 aures
209 3663 408 3730 audientium
431 3677 550 3742 vacant,
581 3677 674 3725 nocte
703 3661 891 3725 adventante
921 3675 1076 3741 pastorem
