2578 4242
455 381 500 428 AD
514 381 542 426 V.
560 373 664 428 261—268
677 395 711 440 sq.
1032 382 1069 444 83

88 583 119 628 v.
142 565 200 627 266
220 564 337 627 Birtius
357 563 544 626 emendavit.
589 579 682 646 atque
704 583 769 645 quo
790 563 889 626 modo
909 563 961 626 hic
981 564 1073 629 decus
1085 583 1125 632 rat

88 660 253 744 repetitur,
282 658 396 722 eodem
420 658 480 721 alia
505 658 604 721 multa
631 659 752 721 abhoc
778 673 872 740 poeta
892 657 986 720 etiam
1006 658 1072 723 sine

88 753 273 817 discrimine
299 752 403 816 iterari
427 768 540 816 notum
567 768 626 832 est;
647 752 823 834 femineum
849 768 956 816 autem
982 755 1074 818 decus

87 849 219 933 propria
249 848 379 912 notione
410 848 502 912 distat
530 851 570 910 ab
601 869 640 912 eo
668 848 755 931 quod
782 864 829 913 est
849 846 953 912 Ithaci
972 847 1072 913 decus.

86 948 225 1008 verbum
245 949 353 1006 uranei
369 943 476 1006 nescio
501 965 542 1006 an
566 944 607 1006 ad
633 964 745 1026 procos
768 958 891 1006 tantum
911 944 1072 1026 pertineat.

131 1117 132 1122 ἵ
169 1038 320 1121 Sequitur
339 1038 428 1101 locus
449 1039 488 1101 de
509 1039 642 1120 Orpheo
661 1039 824 1119 att-295,
845 1037 935 1102 cuius
955 1039 993 1103 de
1007 1039 1150 1122 pri-ressa.

87 1133 153 1196 mis
177 1133 318 1196 versibus
344 1149 426 1197 recte
447 1133 584 1198 iudicare
610 1154 675 1198 non
700 1133 875 1215 poterimus
904 1150 1073 1218 antequam

90 1229 134 1291 de
154 1227 273 1290 ultimis
299 1248 367 1292 rem
392 1229 630 1293 confecerimus.
671 1229 728 1292 ista
752 1229 848 1312 igitur
869 1229 967 1292 sicin
987 1231 1073 1294 libris

86 1340 166 1387 sunt
184 1325 269 1404 (nam
290 1345 375 1388 nunc
396 1324 460 1388 lere
481 1345 519 1387 ex
533 1323 653 1386 Barthii
671 1323 871 1407 aliorumque
884 1325 1073 1390 coniecturis

87 1419 253 1498 eduntur):
273 1418 353 1500 quid
367 1417 485 1482 misera
504 1417 660 1504 Eurydice
679 1427 763 1482 tanta
781 1439 929 1483 maerore
948 1422 1078 1486 recessit

84 1523 248 1596 paucaque
276 1522 431 1596 respectus
458 1523 490 1577 et
516 1533 597 1576 nunc
624 1523 742 1592 manet,
776 1514 932 1595 Orpheus,
962 1515 995 1578 c'n
1025 1519 1074 1580 tel

47 1601 50 1606 ’
88 1608 109 1670 ἱ·.
132 1628 159 1670 e.
187 1627 243 1670 cur
263 1609 421 1693 Eurydice
446 1607 540 1671 tristis
565 1624 611 1671 est
637 1625 667 1672 et
697 1629 715 1671 a
739 1607 898 1671 sodalium
923 1612 1015 1673 turba
1040 1631 1073 1673 se

87 1703 267 1784 segregavit
278 1719 309 1766 et
322 1721 379 1765 cur
392 1723 477 1766 nunc
491 1725 630 1787 quoque,
650 1704 791 1785 Orpheu‚
810 1703 931 1784 puniris
944 1721 1078 1788 propter

88 1814 264 1880 respectam
296 1797 483 1879 coniugem?
517 1819 592 1862 nam
622 1799 751 1880 Orphea
781 1797 911 1881 quidem
940 1799 1073 1880 adfatur,

88 1913 196 1975 neque
222 1909 329 1956 tamen
354 1893 565 1956 necessarium
594 1907 640 1954 cst
670 1911 744 1953 cum
770 1891 931 1974 scaligero
962 1897 1074 1978 reponi

88 1987 123 2051 in
149 1997 178 2050 te
201 1997 319 2061 manet,
346 1986 488 2069 Oreum·
516 1986 611 2069 primi
634 2005 723 2048 casus
749 1985 885 2048 formam
916 1989 989 2051 satis
1020 1990 1074 2053 de-

87 2082 264 2147 fendebant
283 2082 419 2146 aliorum
439 2096 603 2164 poetarum
625 2080 778 2162 exempla,
803 2096 838 2144 ut
856 2082 1073 2164 Vergilianum

86 2181 171 2239 Aen.
197 2195 239 2255 rr,
259 2176 319 2256 464
338 2175 504 2258 Messapus
528 2176 576 2254 (cf.
597 2176 691 2256 Aspri
711 2192 828 2259 quaest.
850 2178 943 2262 Verg.
965 2200 994 2262 p.
1020 2203 1069 2244 111

89 2291 138 2352 sq.
160 2271 228 2350 Κ.);
253 2291 357 2354 neque
382 2287 446 2334 tam
472 2270 588 2333 mirum
614 2285 673 2351 est,
700 2270 803 2334 forma
829 2289 954 2354 poetam
974 2276 1073 2338 modo

90 2367 153 2428 hac
174 2365 273 2450 modo
290 2368 368 2447 (ιρι)
389 2366 442 2429 illa
462 2365 516 2444 uti,
538 2384 634 2447 quam
649 2385 693 2452 ex
712 2368 940 2432 consuetudine
955 2369 1074 2432 facturn

88 2458 180 2546 quod
210 2459 342 2525 artificio
372 2460 503 2524 metrico
533 2462 632 2523 semel
664 2461 820 2524 ostentato
850 2463 923 2542 (117
954 2473 1074 2527 uncum

87 2573 151 2618 nan
178 2552 322 2636 Orphacs
345 2555 503 2635 Hebrum)
534 2555 649 2618 iterum
676 2556 788 2629 utitur,
816 2571 849 2618 ut
874 2555 992 2619 scilicet
1016 2578 1073 2621 vo-

89 2647 242 2711 cabulum
273 2651 463 2735 bisyllabum
492 2668 642 2731 graecum
674 2670 713 2713 eo
740 2651 814 2714 loco
839 2670 947 2714 versus
976 2669 1074 2734 ponat

88 2761 156 2826 quo
191 2763 257 2806 non
290 2744 388 2826 possit
421 2764 486 2808 non
519 2765 585 2808 esse
618 2744 752 2807 latinum
785 2745 992 2828 trisyllabum.
1033 2749 1072 2811 cf.

88 2839 207 2902 Birtius
231 2859 311 2902 mus.
338 2839 438 2901 Rhen.
466 2839 512 2919 34,
541 2839 574 2902 18
593 2859 639 2921 sq.
680 2840 831 2903 hactenus
859 2841 898 2904 de
923 2863 1017 2905 sensu
1043 2859 1073 2907 et

88 2935 194 2998 forma
226 2933 357 2996 traditae
390 2932 547 3010 lectionis3
580 2933 749 2998 consilium
782 2951 894 3017 poetae
925 2937 1072 3020 deinceps

88 3027 305 3110 explicabitur.
347 3044 441 3111 atque
467 3028 606 3108 primum
626 3031 666 3090 ab
687 3029 809 3111 Orphei
829 3032 1072 3113 compellatione
1085 3052 1125 3099 ιιο

88 3121 228 3187 deflectit
267 3122 457 3187 orationem:
496 3122 607 3186 audax
647 3121 699 3186 ille
738 3123 863 3205 parilem
890 3127 944 3206 (cl.
978 3127 1070 3190 Ovid.

88 3233 144 3282 art
177 3221 211 3297 3,
239 3220 299 3298 489
324 3217 470 3302 perfidus
502 3218 554 3280 ille
586 3217 710 3298 qucum
743 3219 800 3300 qui
830 3217 908 3282 talea
931 3220 1072 3301 pegrnera

88 3316 210 3392 servat)
237 3314 352 3394 quibus
372 3313 475 3376 verbis
496 3312 654 3375 excusatio
676 3307 798 3394 Orphei
818 3313 991 3376 inducitur:
1015 3314 1124 3394 *sedern

80 3407 220 3487 fortuna
255 3405 364 3471 valens
395 3397 546 3471 audacem
571 3407 700 3486 fecerat
730 3415 814 3485 ante,
851 3407 970 3470 scilicet
1002 3417 1074 3471 ante

88 3501 207 3576 valens,
229 3491 316 3565 ut-'in
337 3504 396 3568 hoc
416 3522 565 3566 versuum
586 3501 717 3564 circuitu
737 3503 833 3564 verba
850 3504 1074 3584 coniungenda

90 3597 280 3661 distineatur
315 3617 343 3662 v.
369 3599 425 3666 273
456 3597 544 3661 Ditis
573 3617 689 3679 regua,
718 3617 747 3658 v.
775 3597 950 3681 2751Dc‘tcls'
977 3597 1073 3678 sedes,

90 3713 118 3754 v.
138 3711 196 3772 ²79
226 3712 298 3755 voce
331 3692 459 3774 Orphei,
489 3713 517 3756 v.
539 3693 596 3773 287
617 3692 680 3772 fas
704 3690 833 3755 'Mortis
883 3708 976 3776 atque
1006 3713 1073 3756 non

881 3805 918 3861 6*
