2600 4242
234 338 272 415 43
592 331 852 379 construeremus

236 517 324 597 quasi
350 515 450 595 abripi
476 535 508 576 se
532 534 641 594 passus
666 515 872 577 describenda
897 514 991 576 silvae
1017 515 1221 592 amoenitate,

236 631 309 674 cum
323 614 452 691 Agauae
473 609 652 672 bacchantis
666 610 843 672 horrendae
858 609 987 690 imagini
1002 610 1221 690 nympharum

238 726 311 770 cum
332 705 441 786 satyris
461 705 642 767 saltantium
656 704 757 767 Diana
772 705 963 785 inspectante
983 719 1110 784 gratum
1131 725 1222 786 spec·

236 803 376 864 taculum
407 819 571 880 opponens
602 801 740 877 (-122)
773 799 970 861 domicilium
1001 798 1133 861 dearum
1165 801 1222 860 de-

237 898 365 978 pingere
399 895 531 956 instituit
564 910 594 956 et
627 910 699 974 post
732 894 884 974 explicata
917 896 1069 956 arborum
1102 915 1222 976 genera

236 994 284 1070 (-
304 993 366 1068 145)
387 991 427 1051 ad
448 990 553 1070 ipsum
567 1008 663 1069 quem
677 989 870 1052 indicaturus
885 1004 949 1050 erat
962 989 1095 1069 pastoris
1109 990 1221 1052 locum

236 1101 393 1149 revertens
414 1105 495 1162 aves,
516 1083 637 1147 fontem
657 1084 834 1164 rivumque,
861 1105 950 1146 ranas
971 1099 1001 1146 et
1022 1083 1143 1146 cicadas
1164 1084 1222 1144 ad-

237 1181 338 1262 iungit
368 1179 475 1260 ibique
506 1180 640 1260 capellas
671 1178 733 1241 leni
764 1195 858 1241 vento
889 1193 1041 1242 recreatas
1065 1179 1222 1239 accubare

237 1274 381 1338 ostendit.
422 1273 576 1354 apodosin
601 1274 627 1334 si
655 1273 787 1354 quaeris,
808 1289 890 1336 extat
910 1296 938 1336 v.
958 1277 1023 1352 157:
1044 1281 1167 1353 pastor,
1189 1281 1225 1333 ut

237 1369 419 1448 adsonem
445 1367 542 1430 densa
566 1368 720 1449 requievit
743 1369 775 1432 in
799 1368 923 1447 umbra,
953 1368 1058 1430 mitem
1087 1367 1226 1447 concepit

232 1464 390 1546 pt‘ozectus
413 1462 556 1525 membra
581 1473 732 1544 soporem,
762 1463 913 1526 nimirum
943 1464 1044 1544 ipsam
1073 1461 1223 1542 prodosis

239 1560 376 1621 formam
400 1557 636 1638 grammaticam
662 1559 782 1639 repetit,
807 1559 914 1620 addito
941 1573 1046 1620 tamen
1073 1556 1161 1618 fonte
1182 1577 1222 1618 ex

240 1653 449 1734 descriptione
470 1653 533 1715 loci
553 1654 640 1732 (148),
669 1669 700 1715 et
725 1653 788 1715 iam
813 1672 881 1716 rem
907 1653 1007 1733 ipsam
1031 1667 1145 1728 narrat,
1166 1671 1223 1732 pa·
1284 1641 1285 1646 ¹

239 1767 358 1812 storem
383 1768 498 1811 somno
522 1769 555 1810 se
582 1749 703 1810 dedisse
725 1749 773 1827 (cf.
795 1751 841 1828 69.
863 1749 921 1828 93),
948 1746 1036 1827 quod
1058 1747 1149 1827 quasi
1168 1767 1224 1810 co-

240 1862 345 1908 actum
367 1865 441 1907 eum
457 1844 565 1906 fecisse
585 1845 649 1905 loci
668 1860 779 1907 natura
793 1844 856 1906 iam
873 1842 1094 1923 intellegimus.
1136 1841 1225 1920 (item

241 1942 304 2004 fere
326 1940 537 2001 Buechelerus
563 1958 592 2018 p.
608 1941 673 2017 328,
700 1940 789 2002 cuius
815 1939 881 2019 ipsa
908 1939 1002 2000 verba
1028 1955 1148 2016 quaeso
1174 1935 1224 1997 in·

236 2036 356 2116 spicias‚
381 2052 411 2095 et
432 2049 503 2098 ante
525 2053 584 2098 nos
605 2035 731 2096 Ellisius
753 2036 771 2097 l.
793 2056 815 2094 s.
838 2054 868 2114 p.
888 2035 964 2111 274.)
1012 2030 1121 2092 similis
1148 2030 1223 2092 artis

236 2146 267 2192 et
293 2129 440 2192 audaciae
466 2129 618 2209 exempla,
645 2149 684 2190 ne
710 2128 836 2209 longius
863 2143 1041 2205 evagemur,
1062 2125 1223 2206 Vergilius

236 2227 364 2306 praebet
383 2243 490 2304 georg.
511 2242 540 2300 4,
561 2224 716 2284 251-266
747 2241 776 2285 et
806 2221 949 2301 inprimis
969 2242 997 2281 v.
1013 2222 1051 2297 67
1071 2241 1117 2300 sq.
1166 2221 1221 2281 ubi

236 2317 616 2401 Philargyriusordinem
636 2319 767 2398 quidem
790 2337 855 2380 non
876 2331 958 2378 recte
983 2316 1221 2391 demonstravit,

236 2416 291 2478 sed
313 2415 489 2478 orationem
514 2413 691 2493 parenthesi
715 2416 870 2475 turbatam
897 2431 963 2472 esse
991 2423 1073 2471 recte
1101 2410 1220 2472 docuit.

186 2531 224 2574 109
238 2527 343 2592 pastor
377 2511 471 2591 igitur
504 2522 671 2588 postquam
708 2527 837 2588 gregem
871 2508 903 2567 in
937 2508 1050 2567 umbra
1083 2506 1221 2568 residere
1286 2535 1287 2540 .

237 2606 314 2667 vidit
346 2607 429 2684 (cum
459 2603 609 2665 adverbio
632 2602 751 2683 procul
771 2601 928 2681 Georgius
957 2600 1054 2676 Thilo
1085 2601 1222 2662 contulit

237 2699 323 2762 SerV.
351 2700 391 2760 ad
420 2703 500 2760 Aen.
521 2699 548 2772 6,
575 2718 608 2759 1o
638 2713 669 2759 et
698 2699 753 2760 ecl.
775 2698 802 2773 6,
829 2698 860 2757 16
889 2705 977 2758 serta
1002 2694 1121 2775 procul,
1153 2705 1221 2756 tan-

237 2804 302 2856 tum
333 2793 428 2873 capiti
451 2791 593 2872 delapsa,
624 2791 777 2864 tacebant,
809 2792 846 2854 cl.
878 2812 906 2852 v.
926 2793 980 2869 154
1007 2792 1117 2871 circa),
1152 2793 1221 2872 ipse

237 2887 417 2968 requiescit;
448 2905 617 2949 monemur
643 2887 753 2948 Horati
781 2887 872 2967 epod.
894 2906 921 2964 2,
940 2908 980 2948 .11
1017 2896 1075 2948 aut
1107 2887 1139 2949 in
1171 2907 1220 2948 re-

238 2982 329 3045 ducta
353 2981 437 3044 valle
461 2979 666 3060 mugientium
685 2991 863 3062 prospectat
880 2981 1019 3044 errantis
1043 3002 1165 3064 greges
1191 2999 1222 3045 et

237 3077 356 3159 Vergili
377 3077 432 3139 ecl.
459 3097 481 3151 ι,
503 3078 538 3155 75
565 3095 625 3138 nen
645 3095 702 3156 ego
722 3095 777 3136 vos
795 3076 927 3156 posthac
949 3076 1050 3140 viridi
1059 3077 1222 3158 proiectus

237 3174 269 3236 in
289 3182 382 3236 antro
402 3172 532 3235 dumosa
552 3170 689 3251 pendere
710 3170 827 3251 procul
842 3171 880 3232 de
899 3181 977 3252 rupe
995 3171 1112 3244 videbo,
1137 3192 1222 3252 quos

237 3270 325 3330 locos
346 3269 396 3329 hic
415 3267 507 3348 posui
522 3286 587 3347 quo
602 3266 742 3327 tenacius
756 3269 888 3326 verbum
910 3267 1034 3347 aspexit
1050 3283 1220 3330 teneretur.

237 3382 310 3424 nam
329 3364 417 3444 quod
437 3382 502 3424 non
518 3360 697 3441 frequenter
717 3380 790 3421 cum
811 3361 988 3424 accusativo
1013 3378 1042 3424 et
1063 3362 1221 3425 infinitivo

238 3457 448 3537 coniungitur,
480 3471 606 3536 poetam
634 3475 726 3535 saepe
753 3455 1019 3534 deprehendimus
1044 3477 1061 3519 a
1086 3457 1220 3520 cultiore

237 3552 388 3631 temporis
412 3571 559 3612 sermone
585 3549 812 3612 deflectentem.
853 3566 947 3632 atque
973 3571 1053 3630 quae
1075 3568 1221 3613 constru-

238 3645 350 3706 ctionis
365 3645 507 3725 exempla
521 3645 630 3706 afferre
645 3664 784 3724 possum,
805 3660 858 3705 aut
879 3646 918 3705 ad
933 3660 1085 3707 vetustam
1107 3649 1219 3726 poesin
