2578 4242
471 305 516 352 AD
531 306 558 354 V.
570 319 674 365 30⁰·l04
1023 310 1060 390 93

74 507 189 550 omnes
220 483 344 552 criticos
373 485 447 550 inde
471 507 489 548 a
514 487 638 552 Bembo
668 487 728 550 sibi
757 487 956 569 persuasisse,
986 509 1061 554 cum

72 580 259 664 praesertim
288 577 356 662 ipse
385 599 491 650 sermo
521 581 684 662 utriusque
715 581 766 649 hic
796 581 951 646 nominati
977 600 1061 652 certa

41 673 44 744 i
72 678 164 758 signa
190 677 346 758 praebeat.
390 675 514 741 adsiliet
535 676 596 740 hac
619 676 740 742 iuvenis
764 676 864 746 socrat
886 677 924 740 de
948 678 1061 760 glorta

40 779 42 794 l
71 773 170 836 sortis
190 771 272 834 alter
291 770 324 833 in
344 770 508 844 excr'ssum,
529 772 562 834 in
585 771 634 834 his
654 771 705 834 vix
726 771 941 839 oblitteratum
962 775 1061 840 estin

71 886 246 940 excessum,
276 866 455 936 restitutum
485 869 524 929 ab
552 865 634 930 Italis
664 877 692 930 te
717 887 775 948 pro
801 866 847 941 de,
878 884 972 950 atque
997 870 1060 933 hoc

73 963 208 1044 quidem
238 961 428 1036 necessario,
465 961 726 1042 quandoquidem
756 961 852 1036 alter,
886 984 951 1045 quo
986 985 1060 1030 casu

70 1059 217 1140 positum
237 1072 282 1126 est
302 1073 491 1138 pronomen,
512 1057 720 1138 compellatur
739 1057 871 1122 aculice
885 1058 936 1122 vel
952 1075 1059 1140 poeta3

71 1153 221 1220 alterum'
236 1168 342 1216 autern
366 1151 458 1214 illum
483 1150 571 1232 quod
589 1150 690 1216 socrat
706 1150 820 1234 glorio
838 1155 943 1228 sortis,
963 1153 1060 1220 inter-

71 1268 226 1331 rogamus
247 1247 376 1329 quicum
395 1246 503 1324 societ,
528 1266 632 1327 neque
653 1246 739 1308 aliud
760 1248 852 1312 datur
870 1267 1059 1331 responsum

72 1363 174 1426 quam
200 1363 274 1414 cum
299 1357 382 1406 sorte
403 1341 523 1406 mamis
543 1341 598 1423 qui
618 1341 707 1422 prior
725 1343 908 1408 nominatus
931 1345 1059 1424 assider;

71 1442 153 1506 alter
166 1454 273 1510 autem
287 1438 367 1510 Aiax
381 1452 435 1516 est,
450 1436 614 1500 nobilitate
629 1437 796 1517 secundus,
810 1437 897 1520 prior
909 1439 1058 1510 Achilles.

71 1535 106 1596 in
129 1531 195 1596 istis
219 1531 315 1613 igitur
327 1530 431 1595 verbis
445 1531 640 1596 adsiduitas
652 1531 782 1606 menti,
801 1533 902 1598 sonat
912 1543 941 1597 te
948 1532 1059 1616 ghrt'a

69 1628 179 1702 sortis,
193 1626 275 1692 alter
287 1627 518 1708 intellegendus
533 1643 578 1690 est
592 1642 664 1708 post
678 1627 820 1690 moenem
834 1629 910 1690 alter
923 1627 1059 1701 deventi,-

71 1723 165 1804 quod
191 1738 318 1803 poetam
342 1722 386 1786 sic
411 1722 548 1786 voluisse
575 1741 640 1803 quo
662 1722 776 1786 certius
799 1737 954 1803 appareat,
981 1742 1060 1786 con-

70 1819 167 1880 tinuo
186 1838 215 1877 v.
231 1817 286 1886 322
307 1817 473 1888 ineadem
491 1835 525 1892 re
539 1816 651 1878 eadem
665 1815 763 1879 utitur
776 1816 891 1898 figura:
910 1817 968 1881 Iros
986 1826 1060 1882 erat
1071 1834 1112 1882 aaa

69 1911 230 1979 Aeacides
252 1912 339 1984 uultu
364 1907 498 1982 laetatus
521 1911 668 1985 bonores,
696 1911 949 1993 Dardanioque
977 1910 1060 1975 alar

60 2007 146 2090 fuso
176 2006 263 2088 quod
286 2007 441 2088 sanguise
467 2005 586 2090 compti
610 2028 637 2070 e.
656 2027 686 2088 q.
705 2028 728 2070 s.
754 2007 811 2070 ubi
837 2005 896 2070 nisi
923 2003 1060 2072 alterum

70 2099 246 2166 Aeacidum
274 2101 447 2182 intellegas,
477 2118 589 2183 poetae
619 2118 761 2170 mentem
789 2123 855 2166 non
886 2101 1060 2184 assequaris

71 2196 125 2273 (cf.
148 2195 306 2276 Hauptius
327 2215 434 2278 opusc.
458 2197 485 2274 3,
505 2198 570 2276 73);
594 2196 646 2261 hic
666 2212 773 2260 autem
793 2195 876 2262 alter
894 2217 954 2280 pro
972 2197 1059 2262 mila

70 2307 147 2373 post
167 2291 327 2358 Bembum
346 2292 497 2370 scribunt,
522 2291 585 2356 illic
605 2293 715 2356 omnia
734 2291 846 2355 tradita
865 2311 983 2372 susque
1004 2291 1059 2354 de-

72 2406 137 2469 que
159 2386 288 2452 habent.
327 2386 420 2467 plane
441 2385 583 2453 eiusdem
603 2387 728 2469 generis
752 2402 798 2450 est
818 2407 845 2448 v.
864 2388 920 2465 345
941 2385 1058 2448 Nereis
1069 2401 1110 2446 ars

71 2481 115 2545 ab
135 2479 222 2544 unda
241 2478 335 2562 signu
354 2480 459 2556 dabat,
474 2491 558 2562 pars
575 2481 702 2564 infhxit
719 2491 814 2563 super
831 2489 902 2544 acta
922 2480 1058 2552 carinas:

71 2577 91 2640 i.
112 2596 140 2642 e.
171 2593 242 2657 pars
267 2575 450 2651 Nereidum.
500 2577 605 2641 statim
629 2578 725 2660 igitur
747 2578 787 2640 ab
810 2574 944 2644 Achillis
968 2593 1059 2638 men·-

70 2672 161 2737 tione
181 2670 223 2744 ad
242 2670 372 2736 Aiacem
392 2671 541 2747 trahitur;
567 2670 739 2736 consociati
759 2687 832 2737 sunt
851 2670 885 2736 in
897 2689 1058 2735 excessum

71 2769 111 2846 (v.
138 2766 179 2828 ad
204 2766 287 2844 288),
321 2783 397 2830 nam
427 2782 560 2848 uterque
581 2787 772 2849 paucorum
803 2768 927 2832 dierum
956 2764 1057 2849 spatio

71 2859 194 2925 mortui
219 2874 301 2926 sunt.
346 2859 414 2942 ipsa
438 2878 546 2932 autem
570 2863 672 2944 gloria
695 2863 799 2932 Aiacis
832 2866 914 2930 bene
939 2864 1057 2926 lactum

70 2956 169 3019 refert
189 2958 229 3031 (v.
243 2954 283 3018 ad
295 2955 342 3035 37)
363 2956 539 3020 maximum
559 2959 648 3038 illud,
670 2977 743 3022 curn
763 2957 872 3038 ignem
890 2957 1057 3021 anavibus

72 3049 223 3122 defendit
264 3050 354 3122 cuius
374 3051 562 3120 relationem
582 3051 769 3133 repetiturus
796 3067 826 3113 et
849 3067 1056 3118 exornaturus

72 3145 251 3225 (304-321)
266 3143 356 3218 culex
372 3144 487 3212 eodem
501 3149 598 3213 verbo
613 3146 724 3208 utitur:
744 3144 847 3226 aquis
859 3165 921 3210 non
934 3146 1060 3225 referat
1069 3162 1109 3211 ³04

71 3239 148 3310 talis
180 3238 317 3310 diuortio
351 3236 438 3313 bellu
471 3259 546 3304 nam
581 3240 620 3302 de
651 3239 802 3303 Italorum
835 3237 1056 3310 emendatione

71 3332 194 3411 (tali-
209 3330 297 3398 bellis
321 3333 493 3414 antiquitus
519 3332 679 3412 traditum)
709 3331 846 3397 dubitari
871 3352 937 3406 non
963 3351 1056 3414 posse

70 3429 211 3505 videtur,
242 3427 362 3498 etiamsi
389 3428 511 3501 ‚facilius
534 3427 582 3498 sit,
598 3427 739 3491 divortiis
768 3427 849 3505 (viae
873 3427 906 3493 in
929 3428 1058 3491 diuersa

71 3523 226 3588 tendentes
248 3525 393 3589 scholion
413 3527 493 3585 Aen.
514 3544 543 3602 9,
564 3523 631 3603 377)
664 3521 852 3592 substituere
877 3518 1058 3589 discrimina

72 3639 168 3701 quam
200 3637 274 3700 apto
305 3619 452 3700 exemplo
482 3618 628 3684 vocabuli
660 3616 808 3682 audacter
835 3616 931 3701 positi
962 3637 1056 3681 usum
