2600 4242
487 353 532 398 Al)
549 351 577 398 V.
592 363 696 412 rap-139
1048 351 1082 412 53

98 536 214 618 puellis
235 535 307 614 dici,
331 554 412 616 quae
436 534 520 616 ipsae
541 533 761 615 Demophonti
784 533 949 614 perfidiam
970 486 1084 613 expro-

99 635 201 710 brent,
226 646 402 713 spectantes
425 629 543 692 scilicet
567 628 736 709 quotannis
756 629 942 691 redeuntem
963 627 1083 691 arboris

97 727 265 790 tristitiam.
306 725 339 788 in
359 745 392 788 re
413 723 507 786 simili
528 723 620 787 Ovid.
642 739 777 800 metro,
798 726 855 792 725
876 723 974 786 luctus
986 723 1082 786 moni·

96 831 203 886 manta
226 819 396 884 manabunt
416 828 552 898 semper,
581 817 699 892 Adoni,
728 819 799 888 mei,
830 819 928 882 Gratt.
954 838 1022 901 eyn.
1044 820 1082 880 66

91 918 154 998 flet
175 916 279 980 adhue
303 925 335 978 et
351 925 454 995 porro
472 914 565 995 stabit
581 914 707 978 Adonin
735 915 817 978 vnn
846 914 953 978 Venus.
994 916 1082 996 quod

95 1012 216 1076 multae
239 1011 389 1086 fecerunt,
420 1010 453 1072 id
480 1019 511 1072 et
533 1030 616 1073 nnnc
639 1011 762 1090 puellae
787 1010 917 1088 faciunt,
948 1011 992 1073 sic
1017 1011 1081 1072 fere

96 1108 247 1170 Lucanus
270 1127 294 1184 1,
316 1124 372 1168 202
392 1104 505 1186 unpue
523 1115 602 1178 trans,
627 1105 720 1168 licem
740 1106 840 1180 nnn,
864 1127 945 1169 nunc
964 1127 1083 1188 quoque

92 1200 196 1264 milas.
241 1201 296 1262 sed
325 1221 391 1262 non
417 1201 533 1264 deflent
558 1201 818 1282 Demophontem
842 1221 901 1282 pro
927 1202 1081 1284 Phyllide,

93 1297 184 1378 quod
205 1316 243 1358 ex
257 1295 408 1376 Scaligeri
429 1295 609 1358 coniectura
624 1294 761 1357 facerent
778 1296 863 1374 (nam
878 1311 980 1358 cetera
993 1314 1082 1357 com-

93 1407 204 1454 menta
224 1391 358 1454 omnino
378 1411 447 1452 rem
467 1409 534 1452 non
554 1389 730 1471 attingunt),
751 1392 807 1453 sed
821 1391 987 1468 devovent,
1007 1410 1081 1472 pro-

94 1486 192 1548 ditori
212 1486 295 1548 male
316 1485 433 1548 dicunt.
474 1485 506 1547 id
526 1485 632 1566 ipsum
653 1485 748 1566 igitur
769 1487 877 1549 dicunt
902 1486 991 1568 quod
1012 1501 1081 1548 tum

93 1581 218 1663 Phyllis
249 1581 382 1643 dixerat:
412 1580 530 1664 νύμφιε
551 1581 750 1666 Δημοφόων,
774 1582 865 1646 &dene
888 1586 957 1660 ξένε
964 1632 972 1663 ,
1003 1588 1081 1661 ‘per-

78 1676 158 1759 fide
181 1675 393 1758 Damophonr'
422 1673 540 1737 surdas
566 1673 728 1738 clamabat
747 1675 795 1738 ad
814 1674 917 1738 undas
945 1675 1080 1753 (Callim.

93 1772 154 1852 frg.
169 1774 233 1850 505,
251 1771 343 1834 Ovid.
355 1790 432 1834 rem.
444 1789 504 1833 am.
519 1771 594 1850 597),
615 1770 704 1851 quod
717 1769 857 1832 Ariadna
871 1769 904 1830 in
918 1769 1081 1830 Theseum

92 1867 222 1946 (Catull.
243 1867 291 1945 64,
324 1869 397 1945 132),
428 1867 467 1928 cf.
497 1867 592 1946 Prop.
612 1885 642 1945 4,
669 1885 697 1944 7,
726 1867 758 1928 13
782 1864 907 1946 perfide
936 1885 991 1928 nac
1020 1865 1081 1927 cni·

89 1980 191 2042 qraam
209 1961 323 2024 melnr
339 1961 494 2041 sperande
500 1961 635 2044 praellae.
675 1962 749 2024 inde
763 1961 999 2025 emendandum
1013 1981 1080 2024 esse

87 2055 230 2120 arbitror
246 2056 373 2138 perfide
399 2058 515 2131 multis,
539 2056 672 2140 perfide,
701 2055 913 2137 Demophoon,
942 2066 975 2118 et
999 2077 1080 2120 nunc

86 2149 221 2214 anenno
238 2151 364 2232 pnellrs,
395 2152 451 2213 ubi
475 2153 515 2215 ad
540 2152 647 2216 multis
671 2151 819 2214 audimus
848 2151 925 2215 dicte
948 2152 999 2214 vel
1025 2153 1083 2234 qni

85 2243 242 2308 dz'cendus
259 2266 336 2310 eras
360 2267 419 2309 usu
445 2263 614 2328 pervagato
641 2263 672 2310 et
697 2268 783 2310 nunc
809 2267 875 2309 non
896 2246 1078 2326 explicatius

86 2341 266 2402 tractando.
308 2341 436 2423 perfide
464 2359 571 2406 autem
598 2344 760 2406 vocativus
789 2358 864 2406 nota
894 2341 1076 2404 attractione

86 2450 182 2497 ortus
207 2452 261 2498 est
292 2471 329 2482 -
360 2459 388 2499 v.
410 2440 465 2518 134
490 2440 528 2501 de
553 2439 655 2520 figura
679 2438 744 2502 dixi
768 2438 808 2500 ad
833 2458 860 2498 v.
878 2441 922 2500 51.
973 2438 1073 2500 aliena
1089 2461 1127 2507 tet

90 2529 228 2592 contulit
242 2531 483 2596 Taubmannus.
503 2568 541 2582 —
561 2555 589 2595 v.
609 2535 661 2612 137
675 2554 720 2615 sq.
741 2548 803 2596 tres
824 2533 947 2594 Heinsii
966 2552 1154 2604 emen-tarsa.

89 2625 294 2690 datiunculae
313 2649 341 2690 v.
361 2630 413 2709 137
434 2629 542 2693 addita
563 2630 617 2708 (sic
633 2630 727 2692 etiam
741 2627 935 2692 Schraderus
948 2628 1072 2690 emend.

87 2739 122 2802 p.
136 2721 175 2782 23
189 2724 256 2803 sq.),
281 2723 334 2785 138
341 2734 503 2805 proceros,
527 2725 581 2805 139
593 2745 632 2788 ac
637 2724 747 2806 petita
760 2723 918 2806 plerisque
932 2739 1074 2804 receptae

84 2831 176 2895 sunt,
200 2837 337 2898 quarum
361 2817 448 2882 nulla
471 2820 628 2884 librorum
656 2820 784 2883 lectioni
808 2833 950 2902 praestat.
999 2818 1078 2880 novi

84 2910 176 2976 edr'ta
199 2913 297 2995 pinus
326 2913 517 2980 dictumest
547 2931 582 2978 ut
602 2938 630 2979 v.
656 2936 705 2995 17¹
739 2917 791 2981 cni
817 2916 914 2980 crista
942 2924 1075 2996 superne

84 3005 185 3071 adria.
225 3009 319 3089 pinus
340 3011 428 3090 quod
441 3021 596 3093 proceras
615 3011 714 3075 silvas
733 3013 869 3085 decorat,
894 3009 988 3072 etiam
1009 3029 1075 3072 ma-

90 3101 196 3165 iorem
216 3101 333 3166 indicat
352 3107 581 3186 proceritatem,
605 3127 686 3188 quae
707 3107 811 3170 statim
832 3104 952 3168 disertis
972 3102 1075 3166 verbis

86 3197 284 3279 depingitur.
325 3201 403 3263 haec
415 3217 522 3264 autem
535 3203 631 3264 verba
650 3201 765 3283 appen't
781 3199 881 3264 aeriz's
898 3200 1075 3279 contengere

86 3292 226 3357 motibus
245 3297 330 3374 lnam
349 3295 503 3359 montibus
526 3297 614 3376 quod
634 3297 668 3358 in
686 3295 773 3358 libris
794 3309 839 3357 est
853 3292 988 3356 correxit
1000 3292 1075 3356 Sca·

87 3388 181 3469 liger,
203 3388 240 3452 cf.
259 3389 312 3470 167
334 3389 389 3452 ubi
408 3390 541 3454 mondus
559 3391 592 3454 in
611 3388 870 3470 Cantabrigiensi)
890 3397 982 3451 astra
1008 3407 1074 3449 non

88 3499 240 3566 poterant
259 3486 298 3548 ad
319 3486 424 3566 priora
437 3487 490 3549 illa
504 3487 564 3549 nisi
579 3487 733 3549 inconexa
746 3484 904 3560 accedere,
924 3483 983 3545 nisi
1004 3481 1075 3563 quis

87 3578 246 3642 nimirum
270 3580 335 3643 sive
354 3580 497 3645 amenter
517 3583 632 3645 addere
658 3581 756 3644 malit.
799 3579 878 3642 illud
903 3593 1009 3642 autem
1034 3578 1074 3641 ad

87 3673 223 3738 decorat
240 3676 328 3756 quod
348 3677 467 3740 accedit
486 3675 611 3740 hirsuta
622 3688 687 3759 per
706 3685 805 3749 arnas,
825 3674 942 3738 indicat
962 3673 1074 3756 pinum
