2578 4242
472 335 517 382 AD
532 335 559 384 V.
575 335 676 391 168-171
1028 337 1065 398 61

66 517 169 600 surit
191 516 273 580 ilicet
300 516 367 590 ira,
399 517 532 580 Ovidius
557 533 629 580 met.
650 518 676 595 3,
702 537 739 596 72
765 526 931 598 postquam
959 516 1071 580 sole'tas

78 609 213 674 accessit
235 609 283 672 ad
304 610 375 674 iras
398 631 496 674 causa
519 631 635 674 recrees.
674 611 720 674 ira
746 611 780 673 in
803 611 902 675 oculis
923 627 1067 693 apparet:

79 707 177 767 Lucr.
200 706 227 785 3,
251 706 309 766 288
336 704 369 768 iu
395 704 448 768 ira
474 725 543 768 uem
559 705 716 784 fervescit
737 716 830 769 etex
854 705 951 769 oculu
972 707 1073 769 micat

78 800 211 864 acribus
240 799 351 873 ardor,
380 799 462 862 tollit
490 800 608 878 oculos,
640 815 675 862 ut
703 808 848 862 arrectae
877 800 947 862 irae
976 803 1065 880 (Aen.

83 917 129 973 11,
149 897 229 975 452),
250 906 315 957 nem
332 914 408 958 vera
421 895 600 976 adsurgunt
612 895 682 958 irae
703 897 760 974 (12,
773 897 851 974 494),
862 895 994 975 frocus
1012 895 1071 959 ubi

88 989 219 1054 tusaus
238 989 337 1070 erigit
352 990 423 1053 iras
443 990 528 1069 (Stat.
549 991 658 1070 silv.4,
677 1009 706 1070 4,
727 991 775 1070 79)
797 1004 827 1052 et
847 1010 929 1071 quae
948 989 1066 1056 similes

77 1085 157 1146 inde
177 1099 332 1146 venerunt
352 1084 536 1147 locutiones.
578 1085 705 1170 δράκων
727 1101 834 1147 autem
859 1105 956 1166 quam
982 1101 1066 1148 recte

77 1179 184 1242 oculis
205 1194 311 1242 utatur
331 1199 423 1260 saepe
448 1179 610 1242 audimus:
637 1179 669 1241 iu
693 1178 868 1242 amicarum
892 1179 977 1243 vities
1000 1189 1066 1243 tam

76 1273 185 1336 cernis
204 1283 329 1336 acuerem
347 1293 444 1354 quam
463 1283 521 1336 aut
536 1273 645 1356 aquila
665 1283 859 1355 autserperu
871 1274 1067 1355 Epidaurius

76 1367 243 1444 Horatius,
266 1377 368 1448 asper,
389 1368 504 1431 acerba
523 1377 620 1441 tuerts,
641 1367 776 1431 unmaui
792 1379 921 1449 corpore
939 1379 1067 1450 serpeus

77 1463 257 1525 Lucretius.

160 1557 224 1634 Qui
258 1557 400 1638 sequitur
434 1558 523 1620 locus
556 1558 632 1620 item
665 1560 881 1621 subobscurus
915 1560 1150 1634 omnibustoosq.

76 1652 236 1713 mendum
257 1652 372 1716 habere
392 1653 477 1714 visus
498 1669 543 1716 est
561 1673 652 1716 versu
671 1673 734 1734 170,
755 1653 811 1715 ubi
830 1663 862 1715 et
877 1673 910 1716 se
929 1654 1004 1718 inde
1024 1657 1064 1717 ab

75 1747 198 1808 Aldina
219 1746 358 1809 editione
379 1748 493 1829 corrigi
513 1749 593 1810 solet
612 1748 646 1809 in
665 1757 697 1809 et
708 1748 788 1827 sert,
812 1747 910 1826 effert,
931 1747 998 1810 exit
1015 1749 1065 1810 vel

75 1841 232 1918 similiter,
259 1861 325 1903 non
346 1857 429 1903 recte
455 1843 480 1904 si
506 1843 583 1924 quid
606 1843 709 1905 video.
750 1858 843 1923 atque
865 1842 943 1904 haec
963 1841 989 1904 si
1009 1862 1065 1923 per
1105 1849 1108 1854 ’

75 1954 112 1996 se
134 1951 254 2015 spectas
274 1935 389 1998 attollit
405 1936 513 2000 nutius
528 1946 633 2018 pernes
646 1935 834 2018 fulgoribus
853 1946 927 1999 etse
939 1937 1068 2000 sublimi

76 2029 200 2092 ceruice
219 2039 318 2110 captet,
344 2051 411 2092 non
436 2033 553 2094 habent
579 2032 667 2113 quod
686 2031 858 2112 vituperes:
889 2031 1064 2112 significare

74 2123 202 2205 possint
218 2134 328 2205 pectre
346 2135 378 2187 et
395 2136 489 2206 caput
504 2147 538 2190 se
557 2125 676 2200 attollit,
703 2127 937 2190 constructione
958 2123 1065 2190 multis

76 2219 199 2299 ignota,
221 2219 260 2281 de
280 2239 343 2300 qua
363 2221 510 2301 exemplo
531 2222 634 2284 Plauti
655 2238 724 2284 utar
742 2222 835 2284 Cure.
852 2223 911 2301 696
930 2221 1067 2296 obsecro,

76 2313 273 2387 Planesium,
297 2324 328 2377 et
345 2324 381 2389 te,
403 2315 611 2379 Phaedrome.
651 2316 707 2378 sed
721 2332 848 2398 poetam
863 2315 1063 2397 participium

76 2407 169 2490 quod
190 2423 234 2470 est
254 2409 379 2472 uoluats
398 2430 426 2470 v.
446 2410 499 2490 169
525 2430 598 2472 cum
623 2415 721 2473 verbo
747 2412 835 2493 quod
860 2426 905 2473 est
929 2411 1072 2473 ructabat

74 2525 105 2564 v.
126 2522 182 2581 174
204 2503 404 2566 coniunxisse
429 2519 460 2566 et
484 2525 564 2586 quae
589 2506 788 2568 intercedunt
816 2506 993 2587 parenthesi
1023 2509 1065 2568 ab

74 2597 139 2660 illis
166 2597 323 2679 segregari
346 2599 484 2662 voluisse
510 2619 624 2680 parum
648 2601 813 2682 probabile
839 2616 892 2662 est.
943 2600 1068 2662 accedit.

75 2710 113 2756 ut
136 2713 203 2754 non
217 2707 299 2754 recte
313 2695 486 2773 procedant
500 2715 581 2776 quae
595 2712 756 2757 secuntur:
778 2705 877 2777 caput,
897 2695 949 2758 cui
966 2696 1068 2762 crista

74 2799 212 2870 superne
231 2787 315 2849 edita
326 2797 491 2869 purpureo
511 2790 615 2853 lucens
632 2791 812 2854 maculatur
825 2791 947 2853 amutii.
988 2811 1062 2854 nam

76 2883 205 2946 cristam
226 2882 259 2942 in
280 2882 380 2963 capite
402 2884 595 2947 eminentem
618 2905 685 2948 non
709 2887 839 2948 maculis
863 2903 988 2948 tantum
1006 2887 1062 2950 sed

76 2997 242 3060 purpureo
268 2976 384 3039 amictu
409 2980 584 3059 praeditam
609 3001 676 3042 esse
701 2981 837 3043 nimium
860 2997 915 3060 est,
940 2983 1002 3044 hoc
1022 2981 1062 3044 ad

76 3089 174 3154 caput
193 3073 298 3153 ipsum
317 3073 460 3153 pertinet,
474 3084 638 3154 perrptaeo
657 3077 773 3138 amatu
785 3076 889 3139 luceas
908 3093 943 3138 ut
953 3085 1068 3157 petuis·

74 3166 185 3232 uuida
194 3166 382 3247 fulgoribus
396 3171 483 3248 (170),
504 3170 695 3233 maculatum
715 3186 749 3232 ut
769 3191 883 3251 corpus
897 3192 924 3231 v.
944 3171 1006 3250 164,
1027 3185 1062 3231 ut

76 3262 258 3326 basilucum
272 3261 301 3326 C
291 3263 447 3344 yreuaica
452 3274 591 3345 generat
596 3264 763 3346 provtucia
773 3265 908 3328 candida
921 3265 953 3327 iu
964 3264 1066 3345 captu

75 3357 204 3421 maeuut
229 3367 266 3419 ut
292 3357 428 3437 quadarn
455 3359 630 3422 diademate
659 3359 813 3440 imiguem
843 3359 932 3438 (Plin.
955 3361 982 3435 8,
1003 3359 1065 3438 78)..

74 3467 181 3535 potest
201 3468 307 3514 autem
328 3453 394 3534 ipsa
420 3453 511 3516 crista
537 3455 645 3537 capitis
670 3454 802 3516 amictus
822 3455 936 3532 vocari,
964 3475 1060 3536 quam

74 3549 213 3629 legimus
237 3546 363 3628 cingere
389 3557 528 3629 tempora
551 3571 579 3612 v.
605 3569 666 3630 197.
707 3549 745 3611 cf.
766 3559 901 3612 auratae
924 3547 1066 3612 crudelis·

69 3642 185 3724 gloria
204 3643 330 3721 frontis
354 3643 513 3723 proruitur
534 3643 608 3706 Stat,
629 3644 732 3705 Theb.
749 3646 775 3723 5,
798 3646 861 3706 510.
913 3643 945 3705 id
972 3664 1064 3707 come·
