2578 4242
466 333 511 382 Ab
526 334 554 382 V.
566 347 671 395 304-312
1021 340 1057 418 95
1087 376 1090 386 ,

74 518 215 601 graviter
234 537 350 582 sonans
370 515 553 598 adiungitur
572 517 726 580 sententia
745 535 842 598 quarn
862 517 906 580 sic
920 518 1060 581 Bembus

74 603 290 676 conformavit
315 610 430 692 partim
455 610 592 673 aliorum
618 611 768 674 Italorum
794 611 989 674 coniecturas
1012 631 1061 676 se·

73 720 184 774 cutus:
210 705 280 788 apsa
299 704 383 787 eiegri
400 724 536 787 nataque
557 705 626 779 Ida,
645 714 753 787 patens
767 704 913 786 feritatis
932 715 964 768 et
983 706 1139 787 ipsaattn.

77 800 142 868 Ida
152 802 248 880 facer
265 798 368 864 alteia
387 798 508 880 cupellas
522 799 697 882 praebebat
712 799 858 876 abemnb,
883 799 936 863 alii
961 801 1061 878 aliter,

75 895 234 972 licentius,
254 894 436 976 elegantius,
455 895 598 976 plerique
612 914 686 959 cunr
701 895 833 959 Heinsio
837 893 1062 975 frendentibus

76 1009 138 1071 pro
151 986 297 1068 firabatai
316 997 348 1052 et
364 1004 528 1070 ponentes,
549 989 638 1052 cuius
657 990 781 1073 generis
801 989 977 1054 arbitrariae
990 1008 1062 1050 mu-

76 1084 213 1150 tationes
239 1102 304 1146 non
324 1086 482 1162 curamus
507 1084 702 1166 probabilius
728 1104 838 1161 nemo;
864 1104 931 1147 non
955 1077 1062 1148 veram

77 1199 147 1243 esse
173 1178 286 1241 Bembi
311 1178 527 1243 coniecturam
551 1178 717 1242 admonuit
743 1198 795 1242 me
820 1178 997 1243 observatio
1023 1179 1063 1240 ad

76 1296 107 1336 v.
123 1273 163 1336 66
189 1272 227 1335 de
253 1272 345 1336 tertio
376 1272 526 1337 trochaeo
558 1273 646 1337 facta.
695 1290 790 1355 atque
820 1274 970 1338 traditum
1001 1274 1063 1337 hoc

77 1370 251 1433 habemus:
282 1367 351 1449 ipsa
374 1367 468 1450 vagis
494 1387 630 1449 namque
655 1368 715 1432 Ida
736 1377 847 1450 patens
866 1369 1012 1448 feritatis
1035 1378 1067 1432 et

76 1464 150 1545 ipsa
179 1461 281 1544 daque
301 1461 396 1540 faces
425 1460 527 1526 altrix
555 1462 685 1544 captibus
706 1462 884 1546 praebebat
908 1463 1064 1538 abemnur,

78 1557 198 1639 quibus
218 1557 251 1620 in
271 1556 374 1619 verbis
399 1555 425 1618 si
445 1555 585 1638 primurn
605 1557 668 1621 hoc
684 1574 842 1637 tenemus,
867 1574 938 1622 ante
951 1568 1066 1640 parens

80 1651 265 1734 interpungi
296 1671 362 1716 non
392 1672 495 1733 posse,
525 1667 654 1735 apparet
683 1653 772 1715 nullo
802 1653 943 1717 remedio
973 1673 1065 1736 egere

78 1749 176 1812 istaec
197 1747 266 1827 ipsa
284 1747 378 1829 vagii
395 1767 531 1829 namque
545 1746 606 1810 Ida
619 1755 746 1829 pateres:
769 1767 862 1810 mons
883 1747 1065 1829 ceteroquin

79 1862 174 1924 asper
200 1857 231 1904 et
256 1841 359 1904 invius
383 1856 469 1924 patet
493 1841 678 1924 vagantibus
704 1858 734 1906 et
757 1842 920 1906 taedarum
940 1841 1065 1923 copiam

80 1935 307 2019 colligentibus
325 1935 469 2002 ''alumna's
497 1940 582 2016 (nam
612 1938 690 2002 haec
716 1937 889 2002 necessaria
914 1937 1065 2000 Italorum

80 2031 248 2110 correctio)
257 2045 270 2094 t
285 2030 354 2112 apsa
365 2030 460 2113 vagis
471 2051 605 2114 namque
619 2031 681 2096 Ida
688 2042 802 2115 patens
815 2032 952 2112 -faces
964 2031 1066 2094 altreie

79 2163 122 2174 --
136 2125 313 2208 praebebat
333 2123 478 2190 abamm’s
512 2127 575 2190 iam
588 2127 705 2209 pendet
714 2126 860 2208 feretabs
873 2143 903 2191 et
916 2127 1066 2209 suspendi

80 2242 151 2286 non
171 2236 274 2302 potest
294 2220 353 2284 nisi
374 2241 392 2284 a
411 2223 641 2286 vocabulorum
667 2236 890 2304 corruptorum
914 2221 1023 2304 daque
1036 2237 1066 2284 et

80 2315 213 2398 captibus
231 2316 331 2379 altero
345 2330 425 2378 utro.
465 2331 559 2397 atque
572 2317 607 2378 in
621 2317 776 2380 Vossiano
791 2317 879 2398 quod
891 2315 1067 2398 probaque

81 2412 238 2494 scripturn
258 2427 304 2474 est
326 2409 386 2473 Ida
406 2410 449 2489 lin
469 2411 715 2476 Helmstadiensi
734 2411 855 2493 datque)
876 2426 940 2474 tam
961 2426 1066 2492 aptam

82 2506 181 2570 efficit
190 2505 385 2569 locutionem
396 2520 524 2587 tamque
535 2506 660 2570 facilem
671 2507 864 2588 corruptelae
875 2504 1066 2587 explicatum

82 2601 188 2665 reddit
208 2601 258 2681 (cf.
277 2621 306 2662 v.
329 2602 381 2664 155
407 2615 437 2662 et
460 2600 534 2665 Stat.
555 2600 658 2664 Theb.
680 2603 707 2678 3,
730 2603 791 2682 454
816 2600 871 2664 ubi
895 2599 1068 2681 legendum

82 2712 130 2770 est
151 2695 279 2760 dubium
292 2695 346 2760 cui
354 2705 479 2778 pretam
487 2694 597 2777 Apollo
614 2705 743 2777 pectora
760 2695 922 2762 Cirrhaea
940 2694 1071 2758 satiarit

82 2791 212 2874 largibar
238 2791 331 2870 anda,
357 2790 507 2855 traditum
532 2810 651 2874 oraque
677 2811 745 2854 non
761 2793 912 2874 pectora),
941 2805 976 2853 ut
1000 2791 1068 2854 eius

80 2889 157 2950 loco
182 2887 243 2950 alia
268 2905 349 2968 quae
375 2885 505 2968 cogitari
535 2886 668 2968 possint,
694 2887 792 2950 veluti
815 2887 918 2968 segem,
948 2905 1068 2967 ponere

81 3002 152 3046 non
180 2982 314 3045 audeam
349 2997 379 3046 et
413 2981 447 3044 in
479 2982 599 3048 incerto
633 2982 810 3064 relinquam
845 2996 954 3044 utrum
983 2996 1068 3044 recte

82 3077 253 3142 coniecerit
273 3077 320 3141 vir
341 3077 452 3140 doctus
477 3097 518 3140 an
538 3077 657 3140 variam
677 3076 846 3141 lectionem
867 3091 990 3157 praesto
1011 3077 1068 3137 ha-

82 3172 189 3238 buerit
219 3174 345 3254 qualem
370 3193 398 3237 v.
421 3173 486 3236 332.
541 3173 669 3254 quade
694 3192 727 3234 re
756 3171 860 3236 dicam
884 3171 927 3235 ad
950 3191 979 3232 v.
1002 3171 1068 3233 318.

82 3268 273 3349 relinquitur
301 3267 442 3351 crepides,
476 3266 565 3349 quod
597 3287 672 3330 cum
704 3265 842 3330 alumm's
875 3264 1068 3347 coniungere

82 3364 148 3428 ianr
178 3384 245 3432 non
274 3365 355 3441 licet,
385 3382 459 3426 nant
490 3361 649 3425 Troianos
680 3362 845 3424 bellatores
876 3375 906 3423 et
937 3361 1068 3424 exitium

83 3458 229 3522 hostibus
247 3475 390 3543 parantes
411 3457 540 3524 feritatis
554 3457 687 3538 cupidos
703 3456 806 3518 dicere
821 3456 964 3537 ineptum
978 3456 1068 3520 foret.

83 3575 162 3636 ergo
173 3555 268 3635 faces
285 3552 424 3621 seribett's
442 3551 570 3635 cupidas
588 3550 676 3630 dixit,
700 3566 730 3614 et
750 3566 820 3633 apte
841 3551 919 3614 dixit
939 3551 1068 3634 cupidas

82 3650 229 3714 saevitiae
255 3665 306 3712 eas
330 3669 411 3731 quae
435 3649 495 3712 nisi
522 3648 588 3710 vim
613 3647 760 3710 flammae
792 3646 981 3728 recepissent
1010 3667 1068 3710 nec
