2578 4242
207 356 259 399 102
560 337 820 396 cosoreursruvs

203 517 323 578 dictum
338 533 417 580 esset
426 517 616 599 Aegaeaque
625 517 721 580 lt‘tora
738 532 769 578 et
782 534 854 599 apte
869 520 1027 582 adiectum
1036 519 1171 584 Euboicis

203 609 351 685 canulius,
372 612 411 674 cf.
432 613 532 675 Strab.
549 633 578 692 p.
596 614 652 674 386
672 613 712 674 de
732 613 762 674 N
783 633 816 674 21
851 616 958 694 Αἰγὰς
975 616 1101 697 βέλτιον
1122 616 1171 680 δέ·

203 709 323 787 gesom
346 707 402 782 τὰς
425 707 461 772 ἐν
483 703 607 790 Εὐβοίᾳ
629 710 687 793 ἀφ’
714 699 761 772 ὧν
782 709 866 784 εἰκὸς
892 713 946 773 eorl
974 711 1011 776 τὸ
1040 712 1174 791 πέλαγος

204 802 347 882 Αἰγαῖον
367 803 525 888 λεχθῆναι
548 803 597 881 (cf.
609 823 639 883 p.
649 805 727 882 405),
742 802 849 884 Eurip.
864 804 936 866 Hel.
954 805 1026 866 1128
1049 810 1175 891 πέτραις

203 901 387 983 Καφηρίσιν
414 897 563 981 ἐμβαλών
577 901 733 978 Αἰγαίαις
759 899 787 962 τ’
812 899 1116 976 §iherosolima
1138 939 1173 950 -

201 994 283 1052 Aen.
317 1012 364 1070 11,
400 993 458 1054 260
491 991 647 1056 &douae
679 1002 783 1056 cauus
815 993 956 1074 ultorque
992 993 1178 1075 Caphereus,

203 1105 231 1146 v.
245 1107 269 1148 s.
290 1087 330 1148 ad
350 1108 379 1148 v.
394 1088 459 1149 332.
479 1123 518 1132 -
538 1089 578 1151 de
598 1087 713 1151 eodem
726 1085 882 1150 Vossiano
901 1089 1028 1169 gravior
1040 1089 1179 1170 quaestio

150 1200 190 1245 eor
202 1196 349 1242 movetur
368 1183 402 1244 in
414 1204 443 1244 v.
459 1184 524 1250 357.
565 1183 621 1263 qui
639 1202 747 1244 versus
768 1183 849 1245 utin
863 1183 1019 1246 Bembino
1038 1185 1180 1267 reliquis-

201 1293 263 1354 que
288 1276 403 1355 legitur
431 1283 515 1351 (mm
541 1277 705 1358 Phrygiae
726 1277 849 1356 passim
872 1298 960 1359 vaga
981 1279 1111 1360 praeda
1130 1290 1181 1361 pe-

200 1376 352 1449 remotae)
373 1371 513 1453 fltuucat
533 1372 635 1435 onmis
659 1372 693 1434 in
717 1392 871 1454 aeqrroreo
896 1373 1076 1456 naufragus
1101 1373 1180 1436 luchs

200 1462 234 1537 (i.
249 1483 275 1526 e.
293 1463 400 1544 fluctio
429 1466 514 1528 facili
542 1467 684 1530 remedio
715 1466 834 1529 restitui
864 1487 929 1530 non
960 1483 1076 1548 potest;
1103 1489 1180 1534 uam

192 1557 332 1638 flocbrat
347 1559 486 1642 ἐκβαίη
499 1563 633 1643 pessime
647 1561 768 1624 dictum
783 1577 830 1624 est
843 1578 873 1623 et
889 1562 1073 1644 navifrago,
1094 1565 1181 1646 quod

200 1655 340 1736 Scaliger
359 1655 501 1734 coniecit,
527 1657 666 1720 Naekius
690 1657 835 1737 probavit
855 1658 896 1738 (p.
915 1660 997 1737 292),
1023 1659 1181 1740 Hauptius

200 1751 326 1832 recepit,
351 1751 423 1814 ferri
448 1771 515 1814 non
539 1766 650 1834 potest,
677 1767 711 1812 ut
737 1751 965 1814 demonstravit
983 1753 1119 1816 Seitzius
1144 1755 1181 1816 de

200 1846 360 1908 adiectivis
381 1861 463 1926 poet.
484 1847 535 1908 lat
561 1845 744 1928 compositis
767 1865 799 1926 p.
817 1867 836 1925 9
855 1867 916 1928 sq.;
946 1849 1081 1929 quodsi
1113 1850 1182 1931 quis

199 1943 414 2021 probabiliora
437 1943 593 2004 vocabula
617 1941 780 2018 invenerit,
810 1941 910 2004 nihilo
935 1943 1036 2024 magis
1054 1946 1182 2007 tolerari

200 2037 316 2116 poterit
335 2056 442 2098 versus
467 2055 531 2098 una
550 2050 621 2117 post
641 2051 784 2115 quartam
804 2035 888 2098 arsin
908 2057 1035 2100 caesura
1056 2038 1182 2114 incisus,

200 2131 289 2192 cuius
309 2131 432 2211 generis
452 2149 578 2192 versum
600 2130 702 2192 Culex
722 2149 797 2191 cum
817 2131 924 2192 multis
944 2132 1012 2194 aliis
1033 2133 1181 2198 carmini-

199 2227 259 2286 bus
273 2225 398 2287 nullum
412 2227 515 2302 habet,
536 2224 574 2286 cf.
591 2224 770 2286 Guilelmus
782 2225 932 2306 Meyerus
945 2227 979 2288 in
991 2228 1078 2290 relat
1093 2229 1181 2291 acad.

199 2322 307 2384 Bavar.
333 2321 407 2400 1884
425 2340 456 2402 p.
475 2321 556 2399 1076.
597 2319 660 2380 iam
674 2319 846 2381 Vossianus
866 2321 951 2384 hunc
972 2322 1102 2385 exhibet
1115 2344 1184 2386 ver-

198 2436 284 2478 sum:
309 2416 410 2480 orionis
435 2416 469 2479 in
492 2434 645 2496 aequoreo
659 2413 774 2495 fluitat
795 2414 861 2477 rom
885 2418 1051 2500 nazfiaga
1069 2419 1182 2501 fluctu.

199 2512 255 2594 qui
279 2533 352 2575 cum
378 2511 497 2594 optime
522 2509 649 2593 incipiat
673 2530 691 2570 a
710 2508 814 2571 verbis
836 2510 924 2590 prius
944 2512 1183 2576 hemistichium

198 2623 269 2688 apte
294 2607 507 2682 reddentibus,
533 2607 623 2668 facile
647 2603 739 2666 nobis
764 2602 797 2664 in
822 2605 882 2668 hac
906 2607 1089 2686 praesertim
1115 2629 1183 2671 car-

198 2700 292 2762 minis
326 2717 413 2780 parte
447 2702 605 2782 genuinae
635 2700 765 2782 originis
794 2701 897 2781 specie
931 2701 1089 2782 imponat;
1125 2705 1182 2767 sed

197 2795 345 2876 prohibet
365 2796 505 2858 otiosum
520 2797 599 2859 illud
613 2796 680 2858 rom
700 2797 745 2875 (ut
758 2811 840 2858 recte
854 2796 1032 2859 observavit
1046 2797 1181 2862 Seitzius

197 2890 218 2950 l.
231 2911 254 2950 s.
280 2909 323 2966 10,
348 2891 491 2970 1),quod
517 2891 550 2952 in
575 2889 660 2952 testis
683 2890 832 2972 ambigua
852 2891 915 2953 fide
935 2907 1047 2973 poetae
1068 2896 1181 2957 obtru-

198 2984 271 3047 dere
296 3004 362 3048 non
386 2984 535 3047 sustineo,
585 2985 664 3047 nihil
689 2985 877 3067 relinquitur
901 2985 962 3048 nisi
981 3002 1016 3048 ut
1036 2985 1180 3051 dicamus

196 3094 302 3159 aptam
328 3094 358 3142 et
381 3079 479 3143 latino
507 3096 601 3162 poeta
626 3080 754 3162 dignam
777 3082 872 3144 talem
893 3101 960 3144 esse
980 3101 1089 3144 versus
1109 3104 1182 3165 spe-

196 3174 291 3236 ciem:
314 3175 416 3238 omnis
435 3173 468 3236 in
487 3195 641 3256 aeqzmeo
660 3174 796 3237 tortam
815 3177 977 3259 musrago
987 3176 1100 3263 fluctos,
1124 3182 1181 3242 sed

197 3284 319 3332 certum
339 3269 372 3331 in
392 3291 425 3334 re
447 3271 564 3332 incerta
584 3270 663 3332 nihil
682 3269 880 3353 pronuntiari
900 3290 1002 3351 posse.

8 3369 9 3438 ζ
118 3381 197 3435 sotus.
276 3365 421 3447 Denique
447 3365 610 3428 Romanae
635 3365 737 3445 gentis
763 3366 876 3428 heroes
906 3365 1060 3447 conspicit
1088 3369 1179 3432 culex

8 3449 9 3464 ¹
197 3462 312 3524 Fabios
333 3462 447 3526 Decios
466 3460 616 3523 Horatios
630 3459 802 3521 Camillum
822 3460 972 3522 Curtium
992 3461 1179 3524 Scaevolam

197 3556 333 3618 Curium
354 3555 547 3618 Flaminium
567 3553 706 3635 aliquem
730 3554 907 3636 Scipiones,
939 3576 1020 3638 quos
1046 3574 1179 3640 excepto

195 3649 312 3712 scilicet
333 3649 489 3712 Flaminio
510 3648 668 3730 Vergilius
689 3649 783 3712 habet
804 3650 842 3730 (6,
863 3651 920 3730 817
941 3671 987 3732 sq.
1009 3650 1047 3713 cf.
1068 3672 1178 3735 georg.
