2600 4242
255 335 289 394 14
660 314 764 360 CVLEX

252 497 449 559 conformare
470 496 578 558 locum
598 497 681 578 capit
701 496 844 577 impiger,
865 497 951 558 hunc
972 511 1002 558 et
1017 496 1054 558 in
1073 500 1186 559 orbem

252 592 397 669 destinat;
418 611 454 653 ac
475 590 548 652 ferri
568 591 717 670 capulum
737 592 879 672 repetivit
899 591 932 653 in
953 611 1056 669 usum,

251 685 447 767 gramineam
468 685 522 766 [ut]
543 684 635 746 viridi
655 684 776 747 foderet
796 686 835 748 de
857 685 990 765 caespite
1011 702 1138 763 terram;

251 780 315 842 iam
335 800 458 844 memor
478 779 639 861 inceptum
660 798 812 861 peragens
832 779 891 843 sibi
912 800 986 842 cura
1005 781 1148 843 laborem

186 896 226 942 sss
252 892 438 956 congestum
460 874 632 938 cumulavit
652 894 742 955 opus,
763 890 856 955 atque
877 894 990 955 aggere
1011 876 1113 938 multo

252 970 371 1032 telluris
391 969 532 1031 tumulus
554 969 725 1031 formatum
746 969 841 1032 crevit
860 969 893 1031 in
914 971 1034 1032 orbem.

253 1085 349 1146 quem
371 1065 489 1128 circum
510 1064 648 1145 lapidem
668 1064 729 1127 levi
749 1065 788 1126 de
809 1083 966 1126 marmore
989 1064 1129 1127 formans

252 1159 396 1237 conserit,
417 1159 559 1221 assiduae
580 1179 672 1221 curae
694 1177 826 1220 memor.
867 1158 918 1220 hic
939 1173 969 1220 et
989 1159 1140 1221 acanthos

253 1270 283 1316 et
303 1275 374 1316 rosa
394 1273 591 1335 purpureum
612 1268 752 1315 crescent
773 1252 949 1314 rubicunda
968 1255 1153 1332 terrorem†

186 1371 227 1414 too
253 1365 283 1411 et
303 1349 404 1412 violae
424 1369 525 1430 genus
546 1367 650 1426 omne,
672 1348 723 1410 hic
743 1362 789 1409 est
809 1363 839 1409 et
859 1347 998 1428 Spartica
1019 1364 1140 1429 myrtus

252 1459 346 1525 atque
367 1443 554 1525 hyacinthos
575 1459 605 1505 et
626 1443 677 1506 hic
699 1442 791 1504 Cilici
812 1462 922 1504 crocus
944 1443 1045 1505 editus
1066 1465 1150 1520 arv0,

252 1541 360 1601 laurus
380 1540 456 1601 item
477 1538 599 1600 Phoebi
619 1557 750 1619 surgens
772 1537 877 1614 decus,
903 1537 954 1598 hic
974 1538 1209 1620 rhododaphne

251 1635 378 1716 liliaque
399 1635 529 1697 erroris
550 1653 615 1696 non
635 1633 703 1694 avia
725 1651 798 1694 cura
818 1631 932 1693 marini

253 1729 413 1811 herbaque
434 1728 511 1791 turis
532 1748 609 1809 opes
629 1727 736 1809 priscis
757 1727 876 1790 imitata
896 1726 1012 1789 Sabina

166 1837 226 1890 '405
252 1826 499 1907 chrysantusque
520 1823 720 1903 hederaeque
740 1822 824 1883 nitor
843 1821 979 1902 pallente
1001 1825 1154 1904 corymbo

253 1936 282 1982 et
303 1921 443 1984 bocchus
464 1919 582 2001 Libyae
603 1919 685 1998 regis
706 1936 838 1994 memor,
860 1915 911 1978 hic
931 1934 1109 1980 amarantus

254 2016 478 2095 bumastusque
498 2014 601 2074 virens
622 2028 652 2074 et
672 2031 796 2093 semper
815 2012 927 2074 florida
948 2013 1055 2094 pinus;

253 2128 318 2170 non
338 2108 424 2170 illinc
445 2108 599 2169 narcissus
620 2109 715 2185 abest,
736 2107 800 2189 qui,
821 2106 922 2188 gloria
943 2107 1072 2186 formae,

252 2203 324 2284 igne
346 2202 526 2283 Cupidineo
546 2201 692 2282 proprios
713 2203 825 2264 exarsit
844 2203 877 2264 in
893 2217 990 2288 artus,

186 2319 227 2362 410
252 2313 283 2360 et
303 2316 522 2379 quoscumque
542 2311 660 2358 novant
678 2297 840 2359 vernantia
860 2312 1004 2378 tempora
1023 2297 1130 2375 flores;
1185 2303 1187 2308 “

255 2394 304 2455 his
323 2393 465 2454 tumulus
486 2410 580 2472 super
600 2390 754 2468 inseritur,
774 2407 842 2453 tum
863 2395 967 2454 fronte
987 2393 1109 2454 locatur

253 2488 404 2569 elogium,
424 2487 515 2551 tacita
537 2486 652 2548 format
671 2487 759 2567 quod
779 2486 880 2549 littera
900 2506 991 2549 voce:

252 2587 355 2664 ‘parve
377 2583 480 2657 culex*
498 2581 658 2661 pecudum
678 2598 783 2644 custos
802 2583 859 2644 tibi
878 2582 939 2643 tale
960 2581 1092 2644 merenti

253 2677 371 2738 funeris
392 2675 535 2740 officium
555 2677 635 2738 vitae
655 2696 714 2758 pro
735 2696 867 2739 munere
887 2676 1007 2739 reddit'.

303 2886 341 2934 393
350 2882 376 2919 ut
385 2889 424 2917 ons
451 2887 490 2932 399
499 2875 659 2920 rubibundaB
689 2887 730 2928 400
739 2887 809 2920 omne
818 2887 892 2932 genus
924 2887 960 2927 401
970 2886 1053 2919 crosus
1079 2872 1210 2926 402decus

252 2957 349 3002 surgens
396 2955 435 3001 403
449 2943 509 2988 rosis
556 2947 596 2996 408
611 2944 648 2989 cui
695 2956 734 2997 412
751 2945 818 2992 firma
889 2942 992 2987 Libellus
1006 2942 1052 2997 Qui
1067 2941 1209 2987 Nominatur
1291 2969 1292 2991 t

252 3013 327 3058 Culex
340 3010 416 3057 Publii
429 3009 519 3068 Virgilii
532 3012 583 3057 finit
