2600 4242
521 301 566 346 Al)
581 300 607 346 ν.
622 300 699 355 57-65
758 276 764 284 '
1064 303 1100 380 39

114 480 200 542 iecta
224 479 436 544 condicionali
459 480 625 558 sententia;
656 481 745 544 cuius
770 481 867 562 ipsius
891 501 1020 544 sensum
1042 481 1100 542 viri

114 575 206 638 docti
218 592 272 638 aut
286 595 376 638 secus
390 575 582 657 interpretati
595 591 669 639 sunt
679 576 946 654 (cf.NaekiusVal.
958 575 1099 656 Cataob)

115 679 175 733 aut
200 669 345 733 Vossiani
371 669 614 751 interpolatione
638 671 777 752 (spretas)
802 671 853 734 vel
879 686 1098 752 excerptorum

115 765 262 847 (pravis)
282 767 457 829 aliorumve
477 767 663 829 commentis
684 765 889 828 violaverunt.
930 767 992 829 boc
1012 767 1099 828 dicit:

115 875 283 942 pastorum
303 863 385 924 bona
405 875 555 942 agnoscet
578 861 771 942 quicumque
791 880 857 923 non
875 876 1004 941 propter
1024 862 1100 923 doc-

115 955 248 1034 trinam,
279 975 376 1037 quam
401 955 533 1035 adeptus
556 955 595 1017 sit
619 970 790 1036 antequam
818 955 915 1017 vitam
945 972 1098 1037 agrestem

116 1051 314 1131 cognoverit,
335 1069 406 1114 eam
426 1064 608 1113 contemnat
627 1065 658 1113 et
678 1050 733 1112 illo
753 1050 864 1130 pretio,
885 1050 1027 1113 doctrina
1040 1051 1099 1112 sci-

115 1145 201 1222 licet,
222 1166 302 1226 quae
324 1148 363 1207 ab
384 1144 595 1225 agricolarum
615 1144 701 1206 cultu
722 1146 898 1222 abhorreat,
919 1165 985 1208 uno
1006 1145 1100 1227 igitur

116 1261 195 1303 vero
217 1240 396 1303 divitiarum
418 1240 518 1322 pretio
540 1239 647 1301 omnia
668 1259 748 1320 quae
769 1240 917 1302 cumillis
933 1241 1100 1302 coniuncta

115 1351 202 1412 sunt,
233 1339 274 1400 τὰ
302 1335 412 1400 πάντα
437 1343 493 1420 τῆς
519 1341 652 1420 τρυφῆς,
685 1334 779 1397 etiam
817 1336 900 1398 mala
937 1356 1099 1417 curasque,

115 1434 240 1512 probet.
274 1430 369 1513 prius
388 1431 528 1511 positum
549 1430 962 1510 utanteVerg.ecl.9‚15‚
983 1431 1054 1493 Tib.
1075 1453 1098 1509 ι,

120 1545 145 1602 ι,
166 1543 209 1603 ι4,
231 1525 363 1606 Prop.4‚
385 1544 412 1602 2,
431 1525 479 1604 46,
500 1525 592 1588 Ovid.
609 1540 663 1587 art.
685 1545 706 1598 ι,
721 1543 787 1604 277,
808 1526 873 1588 her.
889 1545 968 1604 20,7
988 1527 1044 1605 (19,
1061 1528 1097 1604 5),

116 1618 248 1697 interea,
273 1628 376 1682 tamen
402 1635 432 1681 et
457 1619 518 1681 alia
542 1619 625 1682 alias.
652 1639 806 1681 -curae
831 1621 968 1682 lacerant
993 1620 1098 1682 avidas
1110 1634 1135 1677 st

116 1729 255 1776 mentes:
275 1734 336 1776 non
354 1713 462 1795 opibus
480 1723 595 1776 mentes
613 1713 773 1776 hominum
786 1732 939 1794 curaeque
954 1713 1099 1778 levantur

116 1809 302 1892 Lygdamus
328 1809 365 1886 (3,
387 1810 448 1885 21);
479 1827 567 1870 mens
597 1808 630 1869 in
660 1825 787 1888 pectore
817 1807 874 1868 sita
904 1824 958 1886 est,
989 1824 1097 1889 pectus
1202 1797 1205 1803 ¹

115 1903 284 1966 inimicum
298 1901 469 1983 (placr'dum
482 1906 530 1983 97)
544 1901 681 1964 vindicat
691 1902 848 1983 Vergilius
863 1905 952 1980 (Aen.
968 1925 1010 1979 ιο,
1028 1906 1097 1983 555;

121 2019 166 2077 ιι,
187 1999 264 2076 685).
306 1997 400 2060 etiam
425 1997 513 2079 quod
535 1997 678 2082 sequitur
701 1997 898 2060 enuntiatum
918 1998 958 2060 ad
980 1997 1136 2078 Vergiliae

116 2093 301 2172 exemplum
332 2107 551 2174 comparatum
581 2112 646 2154 esse
677 2092 718 2171 (si
743 2113 804 2156 non
832 2128 870 2138 —
900 2102 937 2154 at
961 2093 1016 2172 461
1040 2096 1096 2174 sq.)

116 2187 243 2249 monuit
262 2188 421 2270 Heynius,
447 2187 503 2250 sed
529 2186 622 2249 etiam
648 2187 812 2250 Lucretius
832 2188 852 2251 l.
873 2209 896 2250 s.
918 2208 956 2268 24
983 2188 1015 2250 si
1036 2208 1096 2250 non

115 2301 219 2343 aurea
237 2291 312 2345 sunt
329 2301 355 2343 e.
370 2302 399 2362 q.
414 2302 452 2358 s.;
477 2281 553 2344 item
574 2282 730 2363 Vergilius
754 2281 829 2344 alba
848 2302 945 2363 neque
964 2282 1096 2363 Assyrio

106 2377 245 2456 fucatur
268 2376 346 2438 lana
368 2396 493 2450 vareno,
523 2377 574 2438 hic
604 2376 635 2439 si
660 2397 721 2438 non
744 2376 878 2457 Assyrio
894 2376 1023 2456 fiaerint
1051 2376 1098 2438 bis

116 2471 205 2534 lauta
229 2471 339 2545 colore,
369 2491 444 2534 nam
460 2470 592 2553 fulgent
609 2472 801 2534 Schraderus
827 2471 926 2550 magis
947 2471 986 2532 ad
1006 2491 1096 2532 suam

116 2585 214 2647 quam
244 2566 284 2628 ad
313 2566 407 2628 buius
437 2583 531 2647 poeta
559 2567 747 2648 elegantiam
776 2567 874 2628 verbo
903 2565 1096 2628 substantivo

118 2659 290 2738 substituit;
321 2662 359 2724 cf.
391 2662 604 2724 Buechelerus
634 2681 664 2742 p.
686 2661 743 2722 326
768 2681 823 2742 sq„
854 2660 909 2741 qui
938 2661 1096 2741 sequentis

115 2753 206 2816 verbi
240 2770 365 2837 tempus
396 2757 470 2821 huic
501 2755 810 2821 accommodandum
844 2770 874 2816 et
905 2765 1002 2836 anget
1031 2773 1135 2818 nonos

115 2851 210 2931 angit
234 2851 436 2914 scribendum
468 2874 533 2916 esse
564 2851 655 2922 dixit,
686 2868 720 2912 ut
744 2872 772 2912 v.
786 2851 824 2918 67
848 2849 920 2911 libri
946 2852 1097 2932 praebent

115 2946 257 3024 refi‘rent
267 2965 333 3008 non
347 2949 500 3029 referunt,
520 2948 688 3008 accedente
702 2966 758 3027 per
771 2960 875 3008 totum
889 2945 975 3008 hunc
988 2946 1095 3006 locum

114 3055 337 3120 excerptorum
358 3040 549 3103 testimonio
583 3041 729 3102 audacter
742 3038 887 3104 Attalicis
901 3035 1009 3118 opibus
1021 3037 1096 3099 data
1108 3059 1135 3102 oa

116 3133 236 3198 vellera
256 3135 275 3196 i.
298 3157 323 3198 e.
342 3137 570 3211 ἀποδοθέντα,
594 3135 806 3211 venumdata,
828 3153 890 3214 qua
905 3132 943 3194 de
958 3151 990 3194 re
1005 3132 1095 3211 plura
1165 3198 1169 3203 ,

116 3229 222 3291 dicam
247 3230 287 3292 ad
311 3253 340 3292 v.
361 3251 426 3310 244
477 3229 553 3291 item
581 3229 719 3291 notabile
745 3250 773 3290 v.
792 3229 832 3308 64
860 3225 917 3290 sub
947 3227 1135 3308 laqueareet

116 3324 292 3405 (Lucretius
313 3341 343 3388 et
356 3327 457 3388 Varro
471 3323 632 3398 Atacinus,
651 3323 707 3384 sed
728 3338 758 3385 et
771 3322 904 3386 Ovidius
927 3320 965 3383 de
984 3323 1095 3400 orare),

116 3434 150 3481 ut
179 3441 207 3481 v.
231 3421 265 3482 53
297 3420 445 3484 labrusca
475 3418 578 3502 (quod
615 3417 751 3499 Vergilio
786 3417 818 3479 in
851 3416 957 3482 Culice
986 3415 1133 3481 tribuitur

116 3514 240 3576 Nonius
255 3534 287 3576 21
297 3517 331 3594 ι),
352 3516 390 3577 68
410 3515 542 3577 conclea
559 3512 636 3575 baca
656 3513 811 3574 vocabula
824 3531 939 3592 genere
955 3511 1094 3573 formave
1108 3529 1135 3571 sa

116 3608 182 3672 aliis
202 3609 319 3690 ignota.
361 3632 388 3672 v.
402 3611 439 3671 65
462 3607 601 3690 lapidum
620 3627 675 3670 nec
684 3605 802 3687 fiaelgor
821 3606 853 3668 in
874 3605 940 3668 ulla
955 3606 1095 3686 cognitus
1107 3625 1174 3670 arsa
