2578 4242
219 339 257 400 58
577 331 836 380 coinrenmmvs

220 521 246 594 5,
265 517 327 596 173,
347 526 379 579 et
395 536 490 578 arma
509 515 563 578 vel
578 514 651 577 talis
668 513 782 577 vidisse
800 514 884 595 cupit
894 513 1010 576 Statius
1022 513 1102 574 Ach.
1117 532 1147 592 2,
1162 513 1202 574 80

220 612 258 695 (r,
269 612 326 690 754
337 611 396 689 Κ),
411 611 449 673 cf.
464 611 528 674 Cir.
544 612 586 673 18.
613 611 658 673 sic
671 610 766 690 igitur
779 608 917 672 concidit
930 608 1071 684 beluam;
1086 607 1202 670 cristae
1216 663 1219 670 ,

141 704 253 775 namin
274 705 437 768 codicibus
451 721 637 769 correctum.
668 720 816 768 secuntur
830 701 1015 778 difficiliora,
1035 701 1068 763 in
1083 701 1201 782 quibus

218 800 457 881 interpretandis
482 800 748 882 proficiscendum
772 814 818 860 est
837 800 877 859 ab
903 796 1050 878 apodosi,
1076 795 1116 857 de
1138 815 1202 876 qua

219 895 306 958 nulla
327 909 372 957 est
392 894 556 974 dubitati0‚
576 895 634 958 leac
653 894 757 956 minus
772 892 926 974 implicuit
935 891 1010 954 dira
1020 889 1202 970 formidine

218 1000 363 1066 mentem;
394 1009 474 1071 quae
504 988 652 1070 apodosis
678 987 820 1068 excipere
852 987 995 1063 sortasse,
1025 985 1052 1046 si
1080 1005 1138 1066 per
1168 1005 1201 1046 se

219 1100 349 1165 spectas,
362 1084 415 1146 illa
434 1085 550 1166 poterit
562 1083 729 1166 quoderat
739 1081 859 1159 tardas,
875 1080 935 1142 sed
949 1081 1040 1142 nullo
1050 1080 1151 1142 modo
1166 1100 1201 1142 ea
1266 1155 1267 1172 χ

220 1198 299 1259 quae
325 1179 523 1264 intercedunt
547 1179 667 1242 nescias
689 1177 840 1258 aspc‘cc'ens
865 1176 960 1239 timor
982 1183 1204 1236 occaecaverat

218 1281 317 1346 artas,
339 1291 419 1352 quae
437 1287 502 1334 tota
516 1272 668 1353 partimve
681 1272 718 1338 ἐν
733 1274 928 1355 raptatam
944 1269 1046 1350 posita
1062 1289 1130 1332 non
1142 1289 1202 1350 po-

218 1381 323 1429 terunt
344 1385 409 1428 non
430 1366 585 1428 contraria
600 1367 771 1430 sententiae
786 1387 861 1444 esse,
881 1385 957 1432 nam
970 1365 1061 1426 nullo
1074 1383 1201 1445 pugnae

218 1477 384 1523 momento
404 1460 499 1524 timor
518 1471 738 1524 occaecaverat
754 1471 844 1524 artas
864 1460 1010 1542 pastoris,
1035 1475 1072 1520 ut
1091 1459 1133 1521 de
1154 1459 1201 1521 his

219 1575 313 1637 quae,
344 1571 378 1618 ut
407 1555 502 1618 latina
531 1555 606 1634 sint,
642 1558 682 1619 ad
712 1577 778 1618 rem
810 1576 875 1618 non
905 1554 1005 1636 magis
1036 1554 1201 1634 quadrant,

217 1651 338 1715 nescius
356 1650 509 1733 aspiciens
527 1650 631 1724 timae,
653 1652 691 1713 de
710 1650 759 1712 his
772 1650 868 1732 igitur
880 1666 915 1712 ut
929 1665 1059 1712 taceam.
1099 1649 1201 1710 immo

218 1767 298 1827 quae
324 1746 545 1827 praedicantur
569 1745 634 1808 istis
661 1746 765 1809 verbis
789 1745 814 1807 si
841 1745 1042 1824 negabuntur
1069 1743 1201 1805 demum

217 1857 301 1903 recte
326 1842 463 1905 habebit.
510 1841 535 1903 si
561 1841 869 1926 adproplnquantem
895 1839 1007 1918 procul
1028 1854 1138 1919 pastor
1156 1838 1202 1899 vi-

218 1934 312 1996 disset
336 1953 524 2018 serpentem,
555 1936 645 1998 facile
676 1935 793 1996 factum
823 1948 964 1996 essetut
990 1934 1105 1995 timore
1134 1933 1201 1995 eius

217 2031 360 2090 membra
381 2032 646 2110 obtorpescerent,
673 2049 745 2092 cum
767 2029 948 2110 praesertim
969 2027 1201 2090 nonnullorum

217 2123 411 2204 serpentium
431 2125 564 2186 noxium
584 2145 651 2188 esse
672 2139 833 2205 aspectum
854 2122 1088 2203 comperiamus
1109 2124 1200 2201 (Plin.

218 2217 246 2293 8,
267 2236 303 2296 77
324 2218 395 2298 sq.);
425 2219 469 2281 sic
494 2239 559 2282 uno
584 2221 707 2282 obtutu
723 2220 900 2300 periculum
924 2218 1125 2306 cognoverat,
1154 2239 1202 2281 re·
1270 2247 1271 2262 t

217 2325 312 2391 pente
322 2313 524 2392 repedaverat
534 2330 564 2377 et
577 2333 717 2396 pugnam
728 2333 793 2376 non
804 2328 982 2395 susceperat
992 2313 1094 2394 magis
1104 2333 1201 2395 quam

217 2406 445 2487 profligaverat.
497 2428 572 2490 ergo
602 2409 766 2489 egregium
796 2408 914 2476 factum
945 2408 1034 2489 quod
1060 2409 1201 2491 Silligius

218 2502 365 2582 negativo
385 2505 542 2565 vocabulo
566 2502 611 2566 sic
635 2521 712 2564 usus
739 2518 793 2577 est,
821 2518 856 2564 ut
882 2503 1084 2584 negationem
1106 2503 1202 2564 simul

220 2612 250 2658 et
270 2596 420 2678 temporis
446 2613 516 2660 ante
541 2598 602 2660 acti
627 2597 791 2660 notionem
817 2597 909 2660 nobis
933 2612 1118 2677 praestaret:
1148 2617 1202 2661 nec

212 2689 308 2770 prius
337 2692 488 2772 aspictens
516 2691 612 2764 timor
641 2692 670 2771 (i.
698 2712 724 2754 e.
754 2691 850 2754 timor
879 2691 1061 2773 aspiciendo
1092 2691 1201 2764 factus,

220 2783 407 2864 aspicientis)
427 2795 647 2848 occaecaverat
662 2796 762 2849 artas.
791 2787 868 2849 item
881 2787 1039 2867 Hauptius
1052 2785 1202 2849 iudicavit

221 2892 251 2941 et
275 2878 382 2958 Thilo,
413 2881 467 2960 qui
488 2881 664 2960 Hauptium
690 2881 784 2943 etiam
809 2881 843 2943 in
867 2881 1089 2944 emendatione
1116 2896 1203 2943 ante·

222 2972 359 3034 cedentis
379 2993 487 3037 versus
507 2993 582 3036 sane
601 2995 667 3037 non
687 2975 842 3056 probabili
861 2976 1011 3057 sequitur.
1050 2975 1202 3037 nimirum

223 3067 310 3148 quod
328 3068 400 3131 libri
419 3073 571 3150 praebent
590 3079 622 3132 et
637 3070 723 3151 quod
737 3080 811 3133 erat
820 3069 932 3133 tardccr
945 3071 1032 3133 omni
1048 3068 1203 3152 languore

221 3172 338 3226 remota
368 3164 483 3246 quibus
513 3165 683 3228 sententiae
712 3181 807 3246 atque
840 3164 931 3226 metri
962 3184 1091 3247 quoque
1121 3165 1202 3228 vitiis

222 3260 343 3322 laboret
367 3275 509 3342 apparet;
539 3260 598 3322 nisi
623 3260 711 3341 quod
736 3260 776 3321 ad
800 3274 938 3322 metrum
965 3260 1201 3324 defendendum

222 3374 329 3416 versus
351 3355 405 3435 395
428 3370 458 3418 et
482 3373 535 3435 ¹24
555 3353 670 3417 adferri
691 3370 831 3435 possunt,
856 3355 1042 3418 sententiam
1063 3358 1201 3420 Naekius

221 3469 251 3529 p.
275 3450 331 3512 306
357 3449 521 3512 infeliciter
546 3448 694 3513 defendit.
740 3449 852 3512 tardas
877 3450 962 3512 enim
987 3452 1077 3514 nullo
1104 3453 1201 3516 modo

222 3544 372 3624 appellari
396 3537 500 3627 potest
525 3544 580 3624 qui
609 3543 711 3606 statim
744 3561 869 3626 aspecto
899 3561 1043 3628 serpente
1068 3547 1203 3629 impiger

222 3637 372 3718 refugerit
397 3640 539 3717 quamvis
563 3639 757 3701 exanimatus
787 3654 817 3702 et
846 3641 897 3702 vix
922 3661 1054 3721 compos
1078 3642 1200 3705 mentis.
