2600 4242
493 316 539 362 AD
553 316 581 363 V.
597 329 662 375 5—19
1033 338 1071 398 ²9

81 497 212 561 Lucreti
234 499 261 575 3,
286 517 344 577 419
370 496 541 578 conquam
565 497 620 560 dm
647 497 789 578 dulcique
813 507 939 578 reperta
963 497 1071 562 arbore

80 593 184 674 digna
204 602 260 655 tna
272 601 412 673 pergam
432 591 593 672 disponere
613 591 759 654 carmina
779 612 866 656 cara.

163 689 294 750 Novum
319 687 429 768 incipit
456 687 674 768 prooemium,
706 689 793 768 quod
823 707 889 751 non
919 689 1071 750 miramur
1083 702 1149 746 rtet

81 783 140 862 qui
154 782 402 845 intellexerimus
417 781 494 863 quid
507 781 567 843 sibi
586 781 722 844 voluerit
735 782 878 845 alterurn.
918 784 1070 846 nimirum

81 897 151 939 non
162 878 203 939 ad
218 878 250 939 id
261 897 361 958 genus
373 877 579 941 exordiorum
592 877 650 938 ista
663 878 829 958 pertinent,
844 880 932 960 quod
945 879 984 940 ad
998 879 1070 941 illu-

80 972 245 1034 strandam
272 973 415 1054 eclogam
436 971 555 1052 Vergili
579 986 722 1033 octavam
743 974 883 1035 tractavit
902 975 1063 1036 Vahlenus

77 1067 147 1128 ind.
162 1066 235 1129 lect.
254 1068 327 1130 1888
342 1087 371 1148 p.
388 1069 404 1128 3
419 1086 474 1148 sq.‚
495 1066 550 1128 sed
570 1066 798 1147 praefationem
814 1068 928 1150 excipit
943 1089 1068 1132 carmen

77 1162 189 1242 ipsum
214 1163 366 1242 gravioris
391 1162 568 1244 argumenti
592 1161 767 1224 imitatione
793 1183 860 1225 rem
885 1164 988 1226 levem
1014 1184 1068 1226 ex·

79 1277 210 1319 ornans.
251 1259 340 1320 cuius
365 1273 401 1319 ut
425 1257 539 1319 ‘omnis
567 1256 647 1319 ordo
672 1257 844 1320 historiam'
866 1258 1018 1339 imitetur,
1049 1281 1067 1322 a

77 1352 253 1432 prooemio
271 1353 487 1435 incipiendum
502 1366 556 1431 est,
575 1351 663 1433 quod
681 1351 914 1416 invocationem
929 1355 1068 1418 continet

78 1447 219 1508 deorum
240 1462 271 1509 et
289 1449 414 1529 patroni
434 1447 593 1528 simulque
611 1465 835 1528 argumentum
850 1450 1066 1527 commendam

77 1541 147 1603 fere
174 1557 210 1603 ut
230 1543 380 1606 Horatius
405 1557 477 1624 post
500 1541 692 1622 principium
720 1545 882 1607 carminis:
911 1544 1067 1608 Matutine

73 1645 173 1706 nater
186 1671 223 1680 —
243 1646 275 1699 tn
294 1637 447 1701 carminis
466 1645 528 1700 esta
542 1635 742 1718 principium.
783 1655 876 1721 atque
898 1639 1065 1702 eonsilium

76 1747 116 1792 ut
136 1731 211 1794 satis
230 1745 375 1814 apertum
390 1747 444 1810 est,
465 1733 507 1794 ita
520 1752 554 1795 re
567 1733 634 1814 ipsa
648 1732 751 1796 statim
766 1749 907 1814 apparet:
926 1733 1066 1796 Latonas
1078 1750 1106 1794 ιι

75 1827 252 1908 magnique
276 1825 361 1889 lavit
385 1826 484 1901 decas,
510 1847 611 1891 aurea
628 1827 737 1909 proles
767 1828 865 1910 (quod
889 1827 1064 1908 asyndeton

75 1922 245 2002 aliquanto
270 1922 379 1984 durius
404 1938 448 1984 est
473 1943 568 2004 quam
590 1923 645 1985 265
669 1922 773 1986 Ithaci
789 1920 924 1985 canam
942 1931 1065 2002 semper

75 2017 174 2080 decus
201 2017 360 2091 Icariatis,
391 2017 447 2079 ubi
477 2037 544 2080 non
573 2016 796 2094 toleraverunt)
828 2015 971 2079 Phoebas
1003 2017 1105 2080 tritta

74 2110 184 2175 nostri
197 2111 346 2192 praeceps
372 2121 403 2174 et
424 2113 577 2176 carminir
601 2121 710 2176 auctor
739 2112 867 2191 (genero
897 2111 1063 2194 hyperbati

75 2224 145 2269 tam
172 2207 285 2269 usitato
312 2207 439 2289 optimis
463 2207 574 2288 poetis,
599 2222 634 2268 ut
659 2208 810 2289 exemplis
835 2208 914 2270 nihil
937 2207 1064 2269 attineat

74 2301 216 2364 refutare
242 2321 316 2364 eum
339 2303 395 2384 qui
415 2322 517 2384 nuper
546 2303 715 2364 barbarum
743 2302 829 2380 dixit)
859 2313 891 2366 et
912 2302 1064 2365 renitente

75 2397 152 2478 lyra
163 2397 295 2475 faatar:
323 2413 352 2458 et
373 2395 520 2478 praeceps
544 2417 610 2459 non
635 2397 668 2458 in
688 2396 845 2478 principio
865 2397 986 2479 positus
1012 2397 1063 2459 hic

75 2491 207 2553 initium
228 2490 373 2554 carminis
394 2511 460 2552 esse
482 2490 617 2553 declarat
637 2506 667 2553 et
686 2491 840 2554 recinente
864 2491 935 2572 lyra
946 2493 1063 2571 fantar
1077 2505 1104 2550 ta

76 2586 128 2664 (cf.
146 2585 220 2648 Tib.
235 2605 263 2664 2,
285 2588 300 2652 5
322 2585 375 2663 in.)
396 2600 524 2666 poetam
542 2585 727 2648 modulante
743 2586 875 2649 Phoebo
897 2600 1063 2648 canturam

76 2702 145 2743 esse
166 2681 292 2758 indicat,
313 2680 368 2760 qui
386 2700 414 2741 v.
434 2701 444 2741 r
468 2679 546 2741 dixit
565 2700 598 2742 se
619 2680 728 2742 lusisse
741 2679 918 2744 madulttnte
937 2679 968 2744 T
962 2679 1060 2743 ltalia.

76 2795 155 2856 ergo
190 2775 357 2838 manifesto
392 2773 524 2837 consilio
559 2775 635 2836 haec
670 2775 851 2857 segregavit.
911 2775 1062 2838 carminis

75 2879 189 2932 auctor
201 2869 314 2950 Apollo
328 2869 460 2932 Tibullo
481 2884 526 2930 est
546 2888 574 2947 2,
594 2888 622 2948 4,
648 2871 680 2932 13
703 2870 830 2947 (Bittius
850 2869 891 2931 ad
906 2870 975 2932 hist.
990 2871 1059 2932 hex.

75 2967 129 3028 lat.
142 2971 204 3044 41),
226 2965 263 3027 cf.
282 2965 429 3028 German.
447 2967 533 3026 Arar.
555 2983 582 3026 2.
621 2965 764 3028 doctrina
784 2980 890 3027 autem
909 2965 1060 3028 refertum

76 3076 122 3121 est
158 3059 378 3140 prooemium,
416 3059 544 3122 vetustis
580 3060 726 3122 locorum
759 3059 942 3122 nominibus
975 3061 1059 3137 lnam

76 3176 103 3215 v.
125 3174 160 3234 14
182 3169 212 3215 et
236 3155 268 3216 15
294 3153 336 3215 ita
359 3153 517 3215 emendati
540 3170 613 3216 sunt
638 3157 677 3216 ab
698 3154 839 3235 Hauptio
865 3169 895 3216 et
919 3154 1001 3216 ltalis
1025 3169 1138 3216 utitis

76 3251 177 3311 verbo
210 3268 276 3310 non
309 3248 446 3328 egeant),
486 3269 571 3312 novo
602 3249 691 3332 Lycii
730 3249 869 3310 fluminis
910 3248 1057 3328 epitheto,

75 3344 232 3406 Naidibus
277 3343 383 3404 musis.
443 3343 539 3404 deum
584 3363 659 3405 vero
706 3362 868 3404 sacrorum
912 3342 1057 3405 locorum

76 3441 245 3501 alumnum
272 3438 360 3518 quod
384 3437 525 3518 advocat,
551 3438 632 3500 miro
659 3439 757 3500 modo
783 3457 848 3499 non
874 3438 1056 3519 compella13

75 3555 133 3596 nec
158 3532 253 3595 video
279 3552 344 3614 quo
368 3533 514 3594 carminis
538 3533 627 3595 initio
654 3552 800 3595 excusare
828 3551 896 3594 rem
921 3533 1058 3613 potuerit

76 3629 133 3690 nisi
148 3627 540 3709 Batrachomyomachiae:
563 3627 742 3714 tingitanae
760 3633 893 3716 πρῶτον
910 3633 1057 3696 Μουσῶν
