2578 4242
226 337 265 400 9⁰
582 320 843 368 COMMENTARIVS

226 498 340 579 pergit:
370 519 425 563 vos
453 500 524 562 sede
550 498 691 581 pe‘orum,
720 519 777 564 vos
804 510 913 564 manet
937 501 1070 585 heroum
1099 511 1215 567 contra

224 613 347 668 manus,
369 610 617 659 consentaneum
637 609 683 656 est
695 594 799 662 verbis
813 613 895 675 quae
906 611 980 660 suut
991 597 1064 660 sede
1075 597 1215 678 parum

226 708 293 752 non
322 687 485 752 introitum
515 689 620 770 ipsum
649 689 683 752 in
712 688 859 770 Elysium
886 690 1031 770 indicari,
1064 693 1124 754 sed
1161 709 1216 756 aut

227 783 355 864 piorum
375 803 393 847 a
412 782 537 864 piarum
561 783 636 845 sede
662 782 806 861 discerni,
831 801 906 849 nam
930 785 1042 849 heroas
1066 807 1148 850 sane
1174 792 1213 851 ab

227 877 411 941 heroidibus
429 891 583 959 segregat,
609 877 669 940 nisi
689 878 777 959 quod
801 879 834 941 in
854 879 1005 945 comitatu
1027 883 1213 964 Penelopae

226 992 341 1054 procos
355 988 495 1037 recenset
509 988 626 1037 etcum
640 991 740 1035 uxore
754 973 897 1055 Orphea;
921 991 975 1038 aut
992 975 1064 1040 sede
1075 978 1214 1058 piorum

227 1067 300 1130 addi
321 1067 409 1149 quod
429 1068 528 1130 modo
548 1067 688 1146 Tartara,
709 1087 749 1130 ne
770 1067 905 1151 liguram
925 1071 1078 1151 perderet,
1101 1074 1213 1135 nomi-

227 1163 320 1226 navit
351 1179 445 1245 atque
460 1163 521 1225 hoc
536 1161 665 1244 quidem
679 1161 705 1223 si
721 1177 833 1243 poetae
847 1164 1015 1228 consilium
1028 1182 1102 1246 erat,
1119 1169 1213 1249 quod

227 1257 391 1338 probabile
416 1256 495 1320 mihi
518 1257 651 1332 videtur,
682 1256 824 1338 sequitur
847 1258 966 1341 duplex
989 1279 1147 1324 vescum
1176 1264 1214 1325 li-

227 1352 359 1412 brorum
382 1351 543 1414 'memoria
571 1353 762 1416 servandum
791 1371 858 1416 esse
888 1354 937 1432 (cf.
964 1355 1080 1418 Catull.
1099 1355 1152 1434 64,
1175 1373 1214 1436 24

226 1464 281 1507 vas
299 1462 357 1526 ego
374 1456 467 1527 saepe
489 1466 558 1510 meo
580 1467 637 1512 vos
656 1447 796 1514 carmine
818 1447 1031 1529 camellam),
1059 1450 1213 1512 heroides

226 1538 260 1600 in
280 1539 431 1603 comitatu
445 1541 668 1624 Persephonae
688 1557 792 1608 errant
811 1561 868 1623 per
882 1543 1027 1626 Elysium
1047 1563 1212 1624 campum,

228 1654 279 1696 eas
292 1644 401 1700 conara
414 1647 527 1711 manet,
548 1653 582 1701 ut
597 1658 614 1700 e
627 1638 758 1719 regione
772 1636 926 1714 assident,
936 1637 1066 1700 Meum
1079 1658 1212 1714 manus,-

227 1730 409 1813 adloquitur
433 1751 499 1812 eas,
529 1747 565 1796 ut
589 1731 719 1814 Orphea
744 1736 812 1813 269.
832 1752 900 1813 292,
929 1733 1111 1816 Eurydicen
1141 1736 1210 1814 293,

228 1824 386 1888 Danaides
406 1830 473 1906 245.
513 1847 580 1889 non
600 1847 684 1910 nego
704 1826 827 1890 facilius
846 1828 925 1890 haec
939 1826 1079 1908 intellegi
1092 1827 1119 1888 si
1132 1846 1211 1889 cum

227 1918 350 1999 Silligio
373 1940 430 1983 nos
455 1921 636 1986 substituas:
666 1941 723 1986 aas
749 1921 821 1984 sede
845 1921 989 2004 prbrum,
1018 1941 1075 1987 nas
1103 1931 1214 1986 manet

226 2013 358 2076 aereum
372 2024 482 2078 cantra
494 2035 616 2088 manus,
637 2017 754 2082 scilicet
768 2035 819 2079 me
832 2035 929 2098 porro
943 2015 1211 2099 proficiscentem

227 2107 283 2169 sed
303 2107 477 2172 faciliorem
497 2108 691 2175 intellectum
716 2112 802 2175 bunc
828 2127 956 2192 poetam
976 2128 1042 2176 non
1062 2111 1209 2174 affectare

227 2201 353 2264 abunde
377 2203 599 2285 comperimus.

148 2307 227 2360 ascen
305 2296 391 2378 Ergo
416 2298 456 2361 de
481 2295 631 2360 heroibus
655 2300 797 2381 sequitur
820 2302 924 2378 locus,
953 2300 1131 2364 admodum
1156 2302 1209 2365 ille

228 2391 357 2472 quidem
378 2393 556 2475 impeditus.
596 2394 701 2458 statim
721 2415 802 2477 quae
822 2396 856 2458 in
876 2396 967 2459 initio
987 2395 1138 2478 leguntur
1157 2397 1210 2460 laic

175 2557 181 2564 g
227 2496 258 2550 ct
281 2496 408 2570 uterquc
426 2489 587 2564 Aeacides,
614 2509 694 2570 quae
718 2492 815 2553 verba
840 2489 954 2572 excipit
981 2491 1020 2552 de
1043 2491 1208 2553 amoribus

228 2582 392 2664 utriusque
417 2584 579 2666 digressio,
609 2585 775 2666 quomodo
799 2585 938 2670 intellegi
961 2585 1084 2667 possint
1107 2586 1144 2666 si,
1174 2605 1208 2648 ut

228 2676 370 2740 fecerunt
383 2698 505 2757 omnes,
525 2693 596 2760 post
609 2699 638 2740 v.
654 2680 711 2743 300
724 2679 858 2745 finaliter
870 2680 1122 2761 interpuugatur,
1143 2702 1207 2744 non

227 2770 335 2849 video;
359 2791 432 2834 nam
456 2781 489 2835 et
509 2791 667 2854 nusquam
692 2775 881 2862 pertinebit.
912 2775 968 2841 sed
992 2775 1025 2837 id
1049 2776 1208 2857 'expedivit

228 2864 367 2947 Silligius
388 2867 476 2930 cuius
497 2869 574 2932 haec
594 2885 641 2933 est
658 2869 839 2936 adnotatio:
866 2871 1009 2951 ‘pertinet
1029 2869 1070 2932 ad
1090 2892 1120 2936 v.
1143 2873 1207 2950 301,

228 2961 283 3026 ubi
298 2982 382 3032 ,cum
409 2977 501 3044 poeta
525 2972 556 3027 ct
577 2980 717 3045 repetere
743 2963 880 3043 deberet,
910 2984 967 3046 per
992 2965 1207 3030 anacoluthon

228 3057 351 3120 omisit)
391 3058 432 3121 ita
453 3059 604 3130 nimirum
625 3059 741 3139 omisit,
762 3074 796 3122 ut
807 3074 951 3140 pergeret
971 3060 1061 3140 quasi
1080 3081 1150 3126 non
1170 3065 1207 3124 ab

227 3164 258 3218 ct
275 3153 451 3235 incepisset,
473 3153 511 3217 de
533 3173 596 3235 qua
612 3154 714 3235 figura
728 3154 855 3235 copiose
870 3153 1015 3217 disseruit
1029 3154 1209 3238 Madvigius

227 3250 267 3311 ad
287 3248 353 3312 Cic.
369 3248 475 3313 defin.
496 3269 526 3329 p.
537 3248 598 3327 ‚786
612 3268 674 3329 sq.,;
695 3264 725 3310 et
745 3267 926 3310 sermonem
947 3247 989 3311 ita
1010 3249 1154 3330 instituit,
1176 3267 1210 3314 ut

228 3343 350 3417 assedet,
372 3342 460 3425 quod
480 3364 508 3406 v.
527 3345 581 3406 301
607 3344 738 3406 demum
758 3342 898 3423 infertur,
919 3343 958 3406 ad
979 3344 1066 3425 prius
1087 3365 1208 3409 nomen

228 3438 315 3518 quod
329 3453 375 3501 est
387 3448 516 3521 uterque
528 3437 682 3502 Aeacides
700 3459 767 3509 non
787 3438 892 3500 minus
906 3457 1003 3518 quam
1018 3438 1058 3501 ad
1073 3439 1208 3502 alterum

227 3531 428 3595 referendum
449 3533 501 3612 sit,
525 3535 658 3597 verbum
678 3533 774 3614 igitur
792 3533 860 3598 ἀπὸ
876 3540 988 3603 κοινοῦ
1012 3534 1155 3616 positum
1176 3550 1208 3597 ut

227 3626 358 3690 nomina
378 3627 549 3707 coniungat
569 3648 650 3709 quae
664 3629 798 3722 copulae
811 3628 998 3713 repetitione
1013 3629 1207 3713 coniungere
