2578 4242
466 317 511 363 AD
527 317 552 365 V.
567 321 670 378 318-319
1019 337 1056 400 97

74 497 224 562 remedio
249 517 325 560 usus
353 498 392 560 sit
417 498 560 561 librarius
585 499 637 562 ille
665 519 730 580 quo
760 499 793 562 in
823 499 963 564 versibus
994 502 1058 564 istis

73 583 259 669 sarciendis,
285 593 402 676 quippe
423 593 478 679 qui
499 614 536 658 ex
556 615 584 655 v.
601 594 656 674 307
677 594 850 658 accessierit
875 595 928 660 illa
948 596 1058 680 sarea-

73 709 138 770 que
151 697 293 770 praeter.
333 689 475 753 abstineo
496 690 619 752 duabus
640 691 678 753 de
700 690 808 753 causis.
854 691 994 774 primum
1014 708 1060 756 at-

74 799 211 868 trectare
226 804 293 846 non
306 785 409 847 audeo
423 806 451 848 v.
468 786 524 866 3¹9
544 783 730 867 tegminibus
744 785 870 867 telisque
883 787 902 848 i.
918 807 944 850 e.
965 787 1059 849 armis

74 878 258 960 tegentibus
279 894 309 941 et
328 879 514 942 nocentibus
539 880 587 959 (cf.
603 901 671 961 eg.
689 881 795 944 Livius
813 902 836 962 1,
855 882 904 962 43,
925 901 942 944 2
963 901 1060 944 arma

74 969 131 1038 bas
151 973 305 1055 imperata
320 973 419 1056 galea
439 973 568 1056 clintum
581 994 690 1056 ocreae
703 974 812 1050 lort'ca,
832 985 869 1038 ut
885 984 1061 1058 tegnmenta

75 1067 221 1150 corpores
244 1077 356 1142 essent
385 1067 446 1132 tela
476 1068 508 1132 in
537 1067 654 1132 nostem
679 1069 832 1152 hastaque
855 1081 888 1136 et
901 1072 1059 1155 gladbach

76 1163 198 1244 quodsi
216 1163 374 1226 Bembum
399 1163 599 1244 potissimum
623 1165 723 1228 secuti
748 1166 846 1230 edunt
866 1167 991 1250 ignibus
1009 1168 1061 1232 bic

75 1257 238 1340 taedisque
260 1267 363 1340 asper,
389 1259 436 1336 [si
456 1257 606 1323 classibus
627 1259 750 1342 Argos]
775 1261 912 1344 cribaret
932 1263 1060 1338 redthts,

77 1352 161 1416 nihil
190 1343 254 1416 vidi
282 1353 435 1432 licentius,
466 1375 531 1418 non
562 1354 594 1417 in
624 1355 845 1439 supplemento
876 1358 964 1439 quod
995 1379 1061 1422 non

77 1439 239 1529 vitupero‚'
262 1437 318 1511 sed
332 1448 374 1511 in
399 1450 629 1512 vocabulorum
660 1452 847 1530 mutatione;
882 1453 957 1517 defit
986 1474 1060 1518 sane

77 1543 164 1608 alter
190 1543 253 1625 qui·
270 1545 459 1625 respondeat
485 1545 573 1608 alteri
595 1567 623 1608 v.
646 1547 715 1625 320,
748 1546 804 1612 sed
833 1549 925 1629 plura
949 1549 1062 1612 desunt

79 1654 111 1700 et
153 1647 401 1728 consentaneum
444 1655 489 1704 est
528 1641 648 1704 maiora
687 1661 783 1722 quam
826 1642 871 1704 illi
909 1647 1061 1725 putabant

79 1732 207 1796 ruinam
237 1734 318 1822 haec!
344 1735 484 1798 turbasse
519 1752 549 1798 et
582 1736 781 1800 deminuisse.
836 1738 969 1802 alterurn
1000 1739 1061 1802 hoc

80 1845 142 1892 est:
173 1850 201 1894 v.
217 1830 273 1892 318
296 1830 443 1906 Bembini
473 1848 503 1895 et
530 1832 726 1913 reliquorum
756 1833 871 1913 quibus
902 1831 1060 1912 confidere

79 1925 155 1988 licet
196 1925 342 2012 codicum
378 1927 530 2008 scriptura
567 1925 765 2008 (fluminibus
809 1927 905 1991 veluti
934 1929 1062 2011 fragor

79 2018 328 2106 aedibustinlse)
353 2021 393 2084 ad
413 2023 509 2086 talem
533 2021 704 2085 sententiae
730 2021 868 2103 speciem
888 2023 1061 2104 perducere

80 2114 222 2177 videtur:
236 2112 429 2202 fitlmtnibns
448 2116 545 2180 veluti
552 2117 680 2198 fragor
698 2127 745 2180 est
755 2117 944 2181 tendentibus
963 2117 996 2181 in
1015 2138 1063 2194 εις

81 2208 141 2272 sed
161 2229 257 2290 quam
278 2211 450 2290 Vossianus
474 2212 659 2292 scripturam
686 2212 812 2276 exhibet
826 2214 953 2295 fragor
978 2221 1026 2278 est
1041 2234 1063 2278 a

82 2303 208 2368 turbine
225 2304 309 2380 nise,v
322 2327 358 2368 ea
372 2306 621 2390 interpolationis
634 2307 847 2390 suspicionem
861 2327 927 2370 non
941 2322 1062 2384 movet;

81 2413 177 2479 atque
202 2400 299 2480 *quod
329 2400 446 2464 nefarie
479 2401 704 2481 interpolatum
735 2403 819 2466 hunc
849 2403 965 2464 librum
996 2421 1062 2465 esse

81 2493 215 2556 sescenti
240 2496 302 2558 loci
327 2497 456 2574 docent,
481 2497 547 2561 eius
573 2512 679 2561 tamen
709 2495 831 2577 generis
862 2495 1061 2576 interpolatio

82 2603 138 2668 est,
160 2603 195 2652 ut
214 2610 342 2654 sensum
363 2593 501 2673 aliquem
515 2591 690 2656 adulterina
706 2589 800 2653 lectio
815 2606 957 2671 praestet,
977 2591 1063 2655 velut

81 2683 188 2746 statim
207 2705 236 2746 v.
252 2685 307 2748 325
330 2685 471 2750 falsarius
491 2679 613 2769 scripsit
633 2696 714 2767 pars
733 2683 805 2770 buit
825 2694 907 2765 pars
932 2683 1115 2751 destinates

82 2778 134 2844 illi
150 2799 261 2854 arma·
285 2795 423 2845 attamen
447 2782 533 2846 idem
557 2784 647 2846 locus
671 2779 802 2862 insignis
827 2794 872 2844 est
897 2799 960 2842 una
981 2797 1063 2844 certe

82 2873 245 2956 scriptura,
273 2875 362 2939 cuius
388 2875 451 2940 vim
479 2894 509 2940 et
529 2877 691 2942 veritatem
714 2875 872 2940 infirmare
894 2895 989 2940 nemo
1010 2898 1063 2940 va·

83 2968 169 3044 lebit,
193 2969 325 3034 ranolea
345 2973 522 3056 Charybdis
542 2995 570 3034 v.
583 2973 649 3050 332,
670 2991 766 3053 quarn
778 2967 970 3036 Zanclaeam
997 2991 1062 3035 esse
1076 2985 1115 3031 aar

83 3063 279 3130 Schraderus
307 3061 396 3129 vidit'
415 3069 550 3142 (emend.
575 3087 610 3148 pr
626 3067 666 3130 26
686 3086 742 3147 sq„
773 3064 938 3128 conferens
968 3065 1064 3128 Ovidi

84 3158 153 3220 last
173 3178 202 3239 4,
221 3179 280 3242 499
310 3178 350 3224 et·
369 3162 445 3226 trist.
472 3166 497 3242 5,
523 3182 549 3241 a,
569 3163 631 3242 73);
663 3182 725 3243 qua
755 3160 794 3224 de
823 3159 975 3241 scriptura
1006 3179 1064 3221 nec

86 3253 224 3316 Naelcius
250 3273 332 3322 recte
358 3257 507 3322 iudicavit
532 3263 571 3339 (p.
587 3259 654 3337 29¹1)
686 3275 790 3337 neque
821 3253 876 3335 qui
904 3255 1064 3335 graviores

85 3350 232 3413 Vossiani
251 3353 419 3433 scripturas
440 3352 605 3434 diligenter
629 3349 785 3431 congessit
805 3348 1064 3411 Hildebrandtius

86 3449 220 3530 (Vergils
240 3449 342 3511 Culex
368 3447 439 3527 1887
466 3467 495 3529 p.
514 3449 573 3528 42).
614 3445 677 3514 illic
701 3441 863 3508 metuenda
887 3441 1066 3525 Charybdis

86 3546 120 3607 in
140 3543 297 3607 Bembino
323 3558 369 3606 est
389 3542 572 3623 ceterisque,
599 3538 741 3602 mutandi
766 3537 853 3600 nulla
878 3557 971 3610 causa
991 3554 1064 3618 erat,
1163 3625 1165 3630 Ι

86 3638 273 3720 scripturam
294 3654 474 3718 corruptam
500 3650 534 3697 ut
555 3650 600 3700 est
620 3633 763 3698 librarius
785 3633 990 3714 interpolator
1009 3653 1065 3716 po·

894 3763 909 3817 7
