2600 4242
213 309 246 382 ,g
582 304 812 352 COMMENTARII

212 487 389 554 nauteam
409 495 440 549 et
457 485 611 566 Priapeia
630 495 662 548 et
672 485 917 567 Epigrammata
936 495 969 548 et.
984 485 1098 560 Diras,
1120 487 1194 550 item

212 582 316 648 Cirim
338 591 370 644 et
392 581 537 646 Culicem.
587 579 713 659 scripsit
739 579 834 642 etiam
863 580 901 643 de
930 601 995 662 qua
1018 581 1196 663 ambigitur

209 678 345 740 Aetnam
366 680 449 756 lnam
469 675 557 756 quod
573 674 793 755 interpositum
818 688 864 736 est
888 691 1112 756 argumentum
1127 677 1196 743 Cu-

209 773 285 851 licis,
321 773 354 834 id
380 771 524 834 Donatus
559 790 598 832 ex
632 769 742 830 codice
771 788 831 830 suo
858 769 1011 833 Suetonio
1042 771 1195 852 inseruit).

210 867 262 928 hic
283 866 321 927 de
341 885 473 948 corpore
494 863 724 945 opusculorum
743 865 878 926 verbum
898 865 1037 942 nullum;
1061 886 1196 930 enume-

210 977 318 1024 rantur
345 976 406 1022 tres
426 961 638 1028 collectiones,
665 977 801 1039 quarum
827 958 929 1039 prima
958 976 1030 1040 post
1056 977 1197 1026 mortem

209 1071 321 1137 poetae
347 1055 427 1117 facta
453 1055 551 1134 (catal.
580 1053 624 1131 14)
655 1071 713 1116 suo
744 1052 971 1134 epigrammate
995 1057 1199 1122 concluditur

210 1156 295 1224 (vate
320 1148 511 1230 Syracosia),
545 1147 640 1210 altera
673 1167 758 1210 nunc
791 1147 922 1228 quidem
950 1147 1009 1215 tria
1036 1151 1200 1230 poematia

212 1244 462 1326 comprehendit,
487 1243 543 1305 sed
569 1243 602 1304 in
623 1241 785 1309 codicibus
812 1262 885 1307 cum
915 1243 1019 1324 priore
1050 1243 1091 1309 ita
1118 1265 1200 1310 con-

211 1341 318 1402 iuncta
338 1353 385 1400 est
405 1353 440 1399 ut
460 1357 530 1399 earn
551 1337 713 1400 antecedat
735 1337 828 1402 titulo
848 1337 1018 1417 cauaptm
1042 1338 1200 1416 subiecta3

211 1435 301 1498 tertia
314 1447 435 1496 servata
449 1446 494 1493 est
507 1432 540 1493 in
555 1433 738 1513 anthologia
752 1433 944 1498 Salmasiana
958 1434 1122 1511 (256--263¹
1137 1436 1200 1513 tt),

212 1531 268 1592 sed
294 1550 352 1592 nec
378 1525 479 1588 solida
504 1546 562 1589 nec
587 1527 722 1608 integra,
753 1527 866 1591 deinde
891 1542 953 1590 tres
978 1528 1076 1592 libelli
1100 1544 1131 1592 et
1157 1531 1199 1592 de

213 1644 279 1706 quo
310 1620 481 1703 ambigitur
512 1637 650 1702 quartus.
701 1623 820 1704 accedit
842 1622 905 1687 vita
924 1623 1012 1686 Servi
1033 1643 1201 1691 commen-

212 1718 291 1781 tario
316 1717 467 1781 Aeneidis
490 1717 668 1798 praemissa.
719 1737 801 1799 quae
823 1716 887 1780 vita
917 1733 1062 1800 excerpta
1086 1733 1132 1780 est
1159 1740 1199 1781 ex

212 1814 282 1895 ipso
308 1811 470 1887 Suetonio,
498 1831 616 1894 paucae
645 1831 695 1876 res
726 1830 764 1874 ex
794 1813 1027 1877 commentariis
1057 1813 1198 1878 adiectae

213 1910 264 1970 vel
295 1923 441 1970 mutatae.
492 1907 545 1970 ille
571 1907 666 1988 igitur
694 1907 781 1988 quod
808 1923 887 1988 post¹
905 1907 1066 1972 Ballistam
1092 1925 1200 1973 narrat

212 2002 340 2082 scripsit
350 2002 444 2067 etiam
457 2011 570 2082 sepum
583 2001 648 2064 sive
663 2010 727 2064 acto
741 1999 923 2067 librositas:
949 2001 978 2066 C
976 2002 1041 2070 irin
1061 2003 1200 2068 Aetnam

218 2096 357 2161 Caluam
390 2095 544 2176 Priapeia
584 2095 761 2160 Catalectau
796 2095 1042 2178 Epigrammata
1077 2098 1201 2180 Copam

215 2190 331 2263 Diras,
351 2190 568 2252 testimonium
588 2190 674 2252 idem
695 2205 740 2255 est
763 2191 831 2257 sive.
852 2193 965 2272 potius
977 2193 1072 2256 unius
1093 2194 1202 2258 amissi

216 2284 383 2347 relationes
401 2285 479 2346 duas
499 2300 652 2346 tenemus,
702 2301 796 2366 atque
826 2286 953 2350 Servius
982 2288 1071 2350 aliter
1101 2308 1202 2369 quam

216 2379 360 2442 Donatus
380 2379 488 2441 titulos
509 2380 659 2461 disponit:
685 2381 806 2443 orditur
819 2401 837 2442 a
850 2380 967 2446 libellis
977 2382 1202 2462 grandioribus

216 2475 325 2554 tribus,
351 2475 453 2557 pergit
480 2475 520 2536 ad
544 2474 755 2555 collectiones,
780 2490 941 2556 postremo
966 2479 1038 2540 loco
1059 2479 1203 2546 carmina

216 2570 341 2632 minora
360 2586 392 2632 et
411 2569 535 2650 singula
554 2570 659 2651 ponit,
688 2570 812 2651 Copam
838 2588 892 2634 aut
915 2571 983 2653 ipse
1002 2572 1115 2636 adiecit
1144 2591 1201 2637 aut

216 2665 360 2724 Donatus
394 2665 508 2727 omisit.
559 2670 696 2727 Aetnam
731 2666 835 2727 ordini
865 2667 985 2743 inserit,
1021 2668 1076 2729 sed
1110 2670 1202 2748 quod

217 2757 387 2821 Suetonius
408 2759 485 2821 dixit
507 2761 545 2821 de
559 2764 662 2822 Aetna
680 2760 807 2841 ambigi,
827 2761 880 2823 ille
899 2777 1020 2843 septem
1039 2762 1105 2825 sive
1125 2778 1202 2826 octo

216 2852 313 2915 libros
338 2874 404 2915 esse
431 2870 542 2916 narrat.
590 2855 663 2916 hinc
687 2855 829 2936 sequitur
851 2856 970 2918 ordinis
990 2857 1202 2922 mutationem

216 2969 234 3010 a
261 2947 371 3010 Servio
397 2948 511 3012 factam
536 2970 616 3028 esse,
647 2949 837 3012 Suetonium
866 2965 972 3015 autem
998 2951 1037 3014 de
1066 2971 1202 3034 corpore

217 3060 401 3124 poematum
426 3063 492 3105 non
517 3045 616 3126 magis
646 3046 790 3108 locutum
820 3065 1004 3126 essequam
1027 3047 1202 3127 Donatum,

217 3138 273 3200 sed
288 3141 467 3221 catalogum
481 3138 663 3203 libellorum
674 3141 796 3203 dedisse
807 3160 904 3221 quem
917 3141 1092 3222 excerptori
1105 3159 1203 3222 prout

218 3234 341 3295 luberet
370 3235 501 3296 reddere
530 3235 646 3297 liceret.
703 3255 804 3298 unum
830 3250 922 3297 restat
948 3237 1035 3317 quod
1066 3236 1106 3298 ad
1132 3256 1202 3300 rem

218 3329 374 3409 pertinere
408 3329 467 3391 viri
494 3330 579 3392 docti
608 3331 748 3393 iudicant
777 3330 994 3393 testimonium
1025 3331 1202 3409 Diomedis,

217 3423 306 3485 cuius
327 3427 422 3486 verba
441 3445 470 3505 p.
488 3426 552 3502 512,
572 3443 609 3504 27
626 3425 801 3505 priapeum,
822 3445 881 3505 qua
904 3424 1060 3506 Vergilius
1079 3427 1112 3490 in
1123 3437 1201 3508 pra·
1293 3495 1294 3500 γ

217 3517 387 3582 lusionibus
399 3521 466 3584 suis
478 3519 634 3600 ususfitit,
649 3519 710 3582 tale
722 3529 770 3582 est
780 3519 931 3600 (sequitur
940 3541 1048 3583 versus
1059 3521 1201 3600 fictitius)

218 3612 347 3674 fortasse
368 3617 407 3676 ab
423 3635 461 3677 eo
479 3615 610 3678 secundi
623 3615 739 3677 saeculi
759 3615 965 3696 grammatico
985 3617 1099 3698 scripta
1119 3632 1201 3694 sunt,
