2578 4242
462 302 506 348 AD
523 301 551 348 V.
566 302 671 361 288-294
687 315 720 360 sq.
923 325 926 334 ›
1045 302 1083 378 87

96 503 176 548 cunr
196 485 351 547 sermonis
372 483 486 547 duritie
499 499 694 564 pugnantem
711 480 873 545 duriorem
886 495 983 564 quam
1003 479 1083 546 solet

94 579 295 642 versiculum
318 578 488 644 admisisse,
530 578 644 642 deinde
669 599 697 642 v.
719 596 775 658 292
801 575 861 640 sed
880 586 913 640 tu
937 575 1082 656 crudelis,
1095 591 1135 638 aar

95 673 235 738 crudelis
259 683 292 738 tu
318 672 433 756 magas,
461 671 588 754 Orphea
612 672 720 754 negari
750 691 816 734 non
846 685 949 752 potest
978 670 1083 752 magas

96 769 245 848 ineptum
266 789 341 848 esse,
362 787 437 832 nam
458 768 634 850 comparari
650 766 772 848 Orphei
792 767 873 830 actio
894 779 960 829 non
979 765 1083 846 potuit

95 862 161 926 nisi
181 883 254 925 curn
274 863 446 947 Eurydica3
477 869 571 944 atque
596 862 674 924 illud
699 861 784 924 unde
809 860 930 922 venerit
954 871 1083 940 apparet

96 972 131 1021 et
151 957 362 1020 certissimum
381 959 516 1020 alterum
536 972 582 1020 est
600 956 783 1022 imitationis
796 954 994 1038 Vergilianae
1015 971 1082 1016 non

95 1053 227 1116 dextere
246 1053 404 1118 institutae
421 1051 585 1128 indicium,
604 1051 659 1116 sed
674 1051 908 1129 bucolicorum
929 1050 1081 1112 nimirum

94 1148 250 1231 expressit
269 1149 408 1213 duorum
426 1146 605 1212 crudelium
627 1146 896 1228 comparationem
917 1145 974 1208 ecl
995 1145 1023 1222 8,
1041 1163 1081 1223 47

91 1261 206 1311 saevos
228 1243 333 1307 Amor
356 1242 462 1307 docuit
486 1251 633 1307 natorum
661 1241 816 1324 sanguine
841 1249 978 1304 matrem
1003 1258 1081 1308 cumr

93 1337 262 1403 maculare
280 1359 406 1416 mantem
431 1336 567 1402 crudeles
586 1347 619 1400 tu
642 1357 770 1419 quoque,
795 1347 906 1401 mater.
947 1333 1082 1406 cruddtssr

92 1439 200 1494 mam
219 1433 326 1515 magis
337 1453 381 1496 an
387 1442 472 1515 pater
485 1432 646 1514 improbus
658 1432 731 1497 utet
754 1431 915 1514 improbus
928 1429 980 1494 illc
990 1440 1080 1511 puer,

93 1525 234 1590 crudeles
253 1537 286 1590 tu
305 1547 432 1609 quoque.
452 1537 564 1594 mater.
603 1547 700 1611 quem
719 1528 829 1591 locum
848 1526 963 1590 rectius
984 1545 1081 1607 quam

94 1621 150 1684 ille
171 1622 322 1702 expressit
341 1638 436 1703 poeta
456 1623 631 1686 Ovidianus
647 1623 712 1685 her.
727 1642 774 1700 2ο,
800 1622 852 1685 103
873 1641 949 1685 nam
967 1639 1081 1684 sacrata

93 1714 216 1789 atille,
239 1716 409 1798 surnagt's
433 1717 466 1779 in
491 1723 599 1780 nauem
623 1737 719 1780 saeva
744 1725 870 1798 reperta
886 1725 1017 1796 parens.
1043 1747 1079 1758 -

94 1810 162 1874 iam
183 1810 383 1874 concluditur
402 1812 493 1874 locus
512 1810 561 1873 his
580 1811 693 1889 verbis,
713 1831 794 1893 quae
811 1826 846 1873 ut
861 1809 895 1873 in
908 1809 994 1872 libris
1007 1821 1159 1878 suntantea.

95 1905 284 1969 ascribimus
305 1911 437 1989 (graves
455 1915 523 1970 tuos
535 1906 683 1970 Bembini
703 1905 891 1990 scripturam
903 1903 1080 1985 significare

88 2009 232 2082 graves!
255 2022 310 2066 vos
339 2002 549 2064 Baehrensius
578 2001 681 2082 vidit):
714 2001 828 2082 dagnus
856 2019 951 2070 amor,
977 1997 1078 2070 vento.

89 2104 229 2176 gramm
247 2097 280 2159 si
295 2106 424 2160 tartara
436 2106 562 2160 nossent
569 2105 733 2178 peccauerit
750 2095 1078 2176 memt'nrbsegravest.

94 2208 152 2252 vos
180 2190 252 2253 sede
276 2190 419 2272 paurum,
449 2211 505 2254 vos
529 2201 637 2254 manet
657 2191 788 2256 herotem
818 2199 928 2254 contra
956 2208 1078 2252 manus.

95 2300 201 2366 atque,
224 2302 258 2347 ut
277 2286 309 2348 id
329 2285 567 2368 praecipiamus,
588 2303 661 2368 post
673 2295 818 2369 gravest,
844 2285 909 2348 sive
928 2304 985 2348 vos
1004 2301 1078 2345 cunr

95 2378 261 2442 codicibus
281 2381 346 2444 sive
366 2401 422 2446 nos
435 2382 638 2446 scribendum
659 2399 715 2457 est,
739 2395 867 2464 apparet
881 2398 997 2444 novam
1011 2395 1079 2440 rem

96 2473 254 2554 incohari3
275 2476 314 2538 de
335 2498 398 2559 qua
421 2476 578 2558 deinceps.
602 2497 697 2540 'nunc
716 2487 753 2540 'ea
767 2478 863 2539 verba
876 2473 1079 2556 inspiciamus

96 2589 180 2650 quae
209 2571 276 2634 sine
307 2573 506 2636 distinctione
537 2573 680 2654 apposui,
709 2592 836 2653 sperans
867 2571 934 2633 fore
959 2585 994 2630 ut
1023 2568 1079 2649 qui

96 2665 176 2727 haec
200 2666 306 2747 legant
330 2668 473 2749 plerique
499 2668 603 2730 statim
627 2688 735 2730 veram
765 2666 952 2732 sententiam
979 2680 1079 2745 agno-

95 2776 194 2824 scant.
233 2782 308 2824 nam
333 2762 370 2824 in'
391 2763 439 2826 his
460 2757 556 2827 ne'mo
577 2763 697 2828 haeret:
728 2761 842 2844 daknus
860 2781 954 2825 antor
972 2759 1078 2824 veneo:

96 2876 206 2918 amore
232 2858 344 2921 erravit
367 2858 524 2939 Orpheus,
554 2871 720 2946 peccatum
750 2857 867 2921 amoris
891 2855 1078 2939 placabilem

96 2952 214 3016 habere
228 2953 308 3016 s'olet
321 2953 400 3020 iram
416 2954 562 3033 amantis;
585 2952 636 3018 dic
654 2954 736 3018 mz'lzi
752 2953 832 3036 quid
837 2953 915 3034 se’ct',
936 2951 1000 3017 nasi
1016 2970 1077 3012 non

94 3046 253 3128 saptenter
285 3048 414 3114 amavi?
453 3049 585 3119 crimine
613 3060 645 3114 'te
670 3051 763 3132 potui
793 3049 981 3112 demerume
1010 3065 1078 3116 meo

96 3143 202 3228 (Ouid.
222 3145 288 3207 her.
310 3165 338 3224 2,
358 3147 415 3225 27).
455 3162 549 3228 atque
572 3147 618 3210 sic
636 3147 798 3228 vergilius·
815 3163 954 3227 quoque,
980 3158 1077 3222 quem

96 3254 131 3301 ut
151 3254 257 3320 aperte
276 3249 333 3320 per
345 3256 449 3306 totum
463 3242 504 3305 de'
517 3242 650 3323 Orpheo
669 3243 787 3321 locum,
807 3240 862 3304 'sed
883 3254 918 3302 ut
931 3236 1076 3306 consulto

96 3334 250 3397 dictiones
279 3338 319 3397 ab
355 3356 393 3400 eo
424 3352 587 3417 usurpatas
618 3337 725 3417 evitet,
755 3337 798 3399 ita
828 3334 879 3400 hic
907 3330 1076 3415 praecipue.

95 3429 221 3509 respicit
250 3429 316 3510 ille,
351 3431 474 3512 pridem
504 3432 696 3510 attulerunt,
721 3452 829 3513 georg.
854 3451 888 3511 4,
917 3431 975 3509 487
1006 3443 1076 3492 cum
1126 3423 1129 3432 ’

94 3522 201 3590 subita,
222 3524 380 3607 incautum
406 3525 559 3592 omenta
588 3526 668 3607 cepit
692 3536 859 3601 amantem,
889 3527 1076 3610 &noscenda

96 3618 229 3700 quidem,
253 3620 371 3688 scirent
386 3621 418 3688 si
434 3621 593 3702 ignoscere
612 3642 729 3690 manes.
776 3623 831 3686 sed
852 3640 999 3704 quaeest
1019 3625 1076 3690 ista
