2600 4242
669 93 682 126 ὶ
776 78 781 100 2

550 338 596 385 AD
610 338 637 386 V.
653 349 661 384 ι
1061 341 1098 402 23

108 539 176 582 nec
190 539 384 602 magnopere
397 519 580 583 mirandum
589 521 629 583 sit
642 520 667 582 si
677 520 861 602 ignoremus
872 535 1100 601 praetextatum

116 613 219 676 nobili
248 614 323 677 loco
353 630 469 693 ortum,
500 635 596 696 quem
626 615 842 677 venerandum
869 613 998 696 quidem
1030 629 1101 696 post

116 710 195 771 deos
219 711 313 790 poeta
340 709 475 790 appellat
500 711 558 788 (25,
580 709 617 772 cf.
639 713 718 771 Aen.
739 729 767 788 9,
788 727 847 787 ²74
869 709 925 771 ubi
944 709 1100 772 Ascanius

115 804 294 884 Euryalum
305 803 429 867 adfatur
441 803 618 868 venerande
626 813 708 884 prm
722 803 769 883 [cf.
782 803 856 866 Stat.
868 804 970 866 Theb.
987 822 1029 877 12,
1041 803 1100 884 73],

115 899 195 961 Hor.
227 897 316 979 epist.
341 919 364 978 1,
394 899 437 978 18,
465 899 502 977 73
532 896 710 962 venerandi
736 896 829 960 limen
858 898 956 960 amt'ct'
982 897 1100 960 scilieet

115 993 251 1074 patroni,
282 992 357 1056 Stat.
378 993 445 1056 silv.
469 996 495 1071 5,
516 1012 545 1072 2,
565 993 584 1055 8
606 1001 687 1072 puer
711 990 821 1065 titclt'te,
849 1011 886 1072 27
907 991 993 1056 clare
1008 1001 1099 1072 puer,

115 1089 154 1150 82
172 1097 254 1168 puer
274 1087 386 1169 optatae
405 1090 444 1152 de
462 1107 562 1170 puero
583 1086 721 1150 sedecim
742 1103 911 1166 annorum,
930 1108 958 1149 v.
978 1106 1020 1150 12.
1041 1087 1100 1166 66),

114 1183 172 1245 sed
203 1184 384 1265 praedicare
408 1199 533 1246 tantum
560 1180 731 1244 castitatem
757 1197 859 1262 potest
890 1182 1004 1260 (sancte
1015 1191 1100 1262 puer

114 1278 163 1339 26.
180 1278 226 1356 37,
240 1292 275 1340 ut
283 1276 449 1339 Phaedrus
460 1276 694 1340 Particulonem
708 1274 832 1338 adfatur
841 1276 894 1340 vir
906 1275 1102 1339 sanctissime

112 1392 135 1451 4
156 1372 227 1452 epil
247 1392 277 1452 4,
297 1371 335 1434 cf.
357 1371 466 1435 Statl
486 1393 510 1434 s.
531 1391 568 1449 7²
595 1386 625 1432 et
645 1389 727 1450 quae
742 1371 782 1433 de
796 1371 971 1434 Octaviano
985 1371 1101 1434 Cicero

114 1466 192 1529 dicit
212 1467 291 1530 Phil
307 1467 334 1545 3,
355 1468 391 1528 rt
414 1468 505 1546 et'13,
530 1467 574 1546 19)
595 1485 631 1528 ac
651 1484 691 1527 ne
711 1464 887 1527 doctrinam
901 1467 1031 1548 quidem
1045 1469 1102 1530 sed

112 1581 245 1623 sensum
266 1564 337 1641 (ιο),
362 1575 464 1624 oetera
489 1560 522 1624 in
548 1578 604 1640 spe
623 1559 682 1622 sita
702 1579 769 1622 esse
789 1561 903 1640 apertis
923 1563 1026 1625 verbis
1047 1562 1102 1624 de·

114 1656 212 1720 clarat
232 1657 280 1735 (37
300 1657 357 1737 sq.)
383 1671 418 1718 ut
441 1656 480 1718 de
501 1654 672 1718 Messalino
692 1655 850 1734 Tibullus,
872 1655 911 1717 de
932 1655 1103 1718 Pisonibus

114 1751 277 1830 Horatius,
310 1751 350 1814 de
380 1751 503 1814 Bolano
534 1749 660 1827 Statius,
691 1749 730 1811 de
761 1749 912 1811 Marcello
942 1750 1102 1832 Vergilius

115 1847 154 1925 (6,
180 1847 247 1925 875,
269 1847 307 1908 cf.
329 1846 415 1909 Serv.
435 1843 589 1908 rlteton'ce
608 1853 693 1924 spem
719 1843 832 1906 laudat
854 1843 887 1906 in
904 1853 1007 1924 puero
1026 1845 1103 1927 quia

105 1941 203 2021 facta
222 1961 283 2004 non
303 1940 428 2020 deventi)
455 1941 505 2002 vel
524 1938 715 2019 Crinagoras
735 1937 853 2000 Thesei
875 1938 920 2001 illi
944 1958 1103 2020 augurans

110 2037 243 2102 aunon
257 2037 352 2101 alm
367 2039 439 2101 ἴσον
453 2036 575 2118 βιότου.
616 2033 742 2112 scilicet,
762 2047 797 2094 ut
816 2031 980 2095 Ciceronis
1000 2034 1104 2096 verbis

116 2147 197 2209 utar,
230 2149 324 2194 causa
357 2129 493 2194 difficilis
516 2129 645 2192 laudare
668 2147 816 2210 puerum,
847 2145 913 2190 non
946 2127 1031 2190 enim
1054 2149 1105 2192 res

115 2225 275 2287 laudanda
304 2225 360 2286 sed
389 2243 460 2305 spes
490 2238 544 2285 est.
598 2226 654 2288 sed
685 2224 751 2286 duo
781 2237 854 2286 sunt
887 2243 968 2304 quae
998 2240 1105 2287 vetant

115 2340 157 2384 ne
182 2320 215 2382 in
240 2319 295 2382 tali
325 2319 551 2382 deliberatione
581 2317 825 2399 acquiescamus.
876 2319 1016 2399 primum
1037 2340 1104 2382 non

114 2414 207 2477 facile
227 2413 312 2479 illius
335 2414 486 2496 temporis
507 2412 657 2476 Octavius
684 2413 798 2494 aliquis
823 2414 1007 2477 ostendetur
1030 2415 1105 2476 satis

113 2509 233 2572 nobilis
273 2527 369 2589 quem
410 2521 546 2588 puerum
585 2523 679 2588 poeta
719 2508 909 2589 adloquatut
946 2524 981 2570 ut
1015 2509 1104 2587 facit3

114 2603 268 2684 exemplis
293 2618 329 2666 ut
353 2617 432 2681 utar,
458 2602 609 2665 Octavius
635 2602 755 2665 Fronto
780 2603 834 2684 qui
860 2623 887 2664 a.
914 2604 948 2665 16
975 2623 1005 2684 p.
1027 2604 1102 2667 Chr.

115 2713 263 2779 praetura
293 2698 419 2760 functus
450 2713 515 2760 erat
545 2697 636 2775 (Tac.
658 2717 730 2760 ann.
755 2717 783 2776 2,
814 2699 870 2777 33),
901 2699 951 2760 vel
975 2699 1013 2762 C.
1040 2699 1105 2761 Oc·

114 2792 219 2854 savius
249 2792 370 2855 Laenas
398 2793 453 2874 qui
482 2813 508 2856 a.
531 2794 569 2872 34
594 2807 720 2855 curator
743 2810 898 2873 aquarum
929 2793 1028 2858 factus
1059 2809 1106 2858 est

116 2887 271 2965 (Frontin.
303 2888 376 2966 roe),
406 2901 545 2968 quorum
561 2903 649 2950 aetas
674 2888 802 2950 fortasse
824 2889 1000 2968 conveniat,
1026 2890 1104 2952 adu-

116 2980 282 3044 lescentuli
301 3001 367 3044 non
387 2998 476 3044 erant
495 2997 599 3046 tantae
619 2983 805 3061 nobilitatis3
837 3002 941 3064 neque
966 2984 998 3046 in
1019 2985 1106 3046 fastis

117 3078 178 3139 sub
192 3080 340 3156 Augusto
356 3078 505 3140 Octavius
526 3098 584 3141 nec
606 3079 711 3142 notior
732 3079 823 3140 ullus.
865 3078 982 3160 quippe
1002 3081 1106 3160 gentis

118 3171 268 3236 Octaviae
289 3171 408 3236 familia
421 3173 550 3256 patricia
564 3172 659 3251 (Suet.
674 3176 756 3253 Aug.
778 3174 805 3251 2)
827 3173 931 3235 adhuc
952 3173 1050 3235 libera
1069 3193 1104 3236 re

117 3267 246 3349 publica
270 3266 438 3332 defecerat:
466 3272 579 3348 (smum
602 3266 658 3332 Cn.
683 3264 801 3345 Oetam]
826 3286 907 3330 nunc
931 3267 980 3329 ad
1000 3277 1106 3330 tannae

109 3361 264 3443 familiae
287 3362 474 3425 memorerm
493 3361 561 3424 sola
578 3370 677 3424 restat
694 3376 730 3423 ut
742 3361 856 3425 Cicero
873 3362 914 3424 ait
928 3362 1008 3423 Phil.
1022 3384 1050 3443 9,
1073 3365 1106 3442 5;

118 3458 163 3520 M.
188 3456 339 3519 Octavius
362 3458 421 3520 Cn.
448 3457 467 3519 f.
494 3456 579 3538 apud
603 3455 733 3517 Actium
759 3471 868 3518 contra
893 3456 1104 3519 Octavianum

117 3555 281 3634 pugnabat
314 3551 405 3630 (Plus.
439 3555 513 3614 Ant.
544 3553 607 3630 65),
648 3551 839 3614 Octavianus
875 3553 1004 3615 fratrem
1036 3572 1104 3616 non

111 3649 264 3710 habebat.
306 3647 346 3709 de
370 3646 476 3708 Marso
501 3647 685 3709 Dolabellae
712 3647 816 3728 legato
842 3668 868 3710 a.
889 3668 950 3729 711'
973 3664 1004 3711 et
1023 3647 1106 3710 Lae-
