2578 4242
482 377 528 423 u>
542 377 570 424 v.
584 376 689 436 sss-³80
1013 353 1075 441 '105

91 557 220 621 vincula
251 560 413 638 scelerata,
447 557 503 622 sed
538 559 777 635 sceleratorum
809 556 897 622 sedes
924 556 1078 630 scelerata

92 661 241 730 vocatum
263 653 301 716 cf.
323 652 433 724 Festus
453 673 484 734 p.
500 653 555 716 333
575 667 606 716 et
621 653 721 724 Varro
743 645 783 714 de
801 651 877 733 ling.
897 653 948 715 lat.
972 655 998 732 5,
1024 654 1077 733 159

93 767 169 810 cum
183 745 274 811 Livio
293 768 316 826 1,
328 747 377 828 48.
392 765 419 826 7.
460 767 496 810 ea
513 747 609 829 igitur
622 747 748 810 vincula
768 747 927 828 epiorum
939 747 1013 810 sede
1028 768 1077 810 se-

92 857 212 924 gregat,
236 841 268 904 id
289 842 374 905 enim
394 857 442 905 est
459 842 518 924 pia
540 842 612 906 sede
630 841 785 906 discernit.
831 843 869 905 G.
895 841 1077 904 Fabricium

92 935 228 998 edidisse
241 956 305 1017 qua
317 927 461 1018 Heynius
476 937 584 1015 refert3
597 952 691 1019 atque
706 936 785 998 mire
794 936 934 1017 positum
949 952 994 999 est
1007 955 1075 1018 quo.

90 1051 120 1092 v.
135 1031 192 1110 379
204 1028 263 1092 sed
272 1029 485 1094 tebrabilibus
494 1031 580 1093 curr's
591 1023 843 1095 haec‘immemor
852 1029 945 1094 audit
956 1031 1075 1111 optime
1089 1047 1129 1093 ete

90 1124 243 1187 traditum
262 1125 425 1205 habemus,
450 1124 510 1187 nisi
530 1126 618 1207 quod
638 1124 832 1189 nerabilns
851 1125 1076 1208 corrigendum

92 1235 159 1282 erat
169 1218 315 1297 librariis;
329 1235 424 1301 atque
435 1219 575 1283 defendit
585 1219 664 1283 illud
676 1221 823 1302 Scaliger,
837 1221 892 1284 sed
903 1236 1074 1302 argutatur.

90 1315 157 1376 hoc
179 1313 254 1375 dicit
279 1316 385 1378 culex:
416 1313 505 1377 audis
536 1315 613 1378 haec
644 1315 726 1378 curis
757 1315 886 1397 quidem
916 1331 951 1377 ut
979 1315 1075 1378 video

92 1407 205 1470 anxius
236 1408 402 1486 (nimirum
431 1409 591 1491 inquietus
627 1425 672 1471 est
702 1410 834 1491 pastoris
863 1430 1011 1486 somnus,
1046 1426 1076 1474 et

92 1502 260 1566 sollicitum
283 1519 377 1584 poeta
401 1518 492 1566 vocat
510 1525 540 1565 v.
563 1503 618 1566 385
640 1503 734 1567 etiam
758 1504 994 1586 dormientem),
1020 1505 1075 1568 sed

91 1617 165 1660 non
181 1598 430 1662 intolerabilibus
450 1613 486 1660 ut
500 1618 560 1679 ego
574 1613 703 1660 vexatus
721 1597 859 1675 (abtim
871 1607 963 1681 atque
975 1600 1078 1663 animi

91 1691 291 1758 intoleranda
318 1690 502 1756 anxz'tudtite
530 1694 644 1765 Pacuv.
668 1693 725 1771 164
745 1691 809 1770 R),
839 1712 910 1765 nec¹
928 1693 1075 1757 retinebis

91 1787 258 1860 memoria,
279 1777 434 1848 ettamen
456 1823 492 1832 -
513 1789 569 1851 sed
590 1802 737 1868 corrupta
760 1803 910 1850 secuntur
930 1807 1075 1870 quaeque

92 1881 244 1945 extricare
274 1899 341 1943 non
371 1882 501 1944 valeam.
549 1901 769 1963 quaecumque
799 1897 870 1944 ante
898 1882 1075 1964 Hauptium
1088 1899 1128 1945 aso

91 1990 326 2064 temptaverunt
347 1977 389 2054 (tu
409 1986 513 2040 tamen
533 1977 566 2041 in
578 1995 677 2040 vanos
690 1975 958 2042 dtinuitessemm'a
970 1988 1076 2042 ventos
1121 1971 1123 1977 ’

91 2073 241 2157 Scaliger,
266 2080 298 2134 et
321 2081 423 2135 menn
447 2091 543 2154 usque
556 2071 656 2154 ‘vagis
679 2070 813 2135 dimittes
835 2073 959 2136 senne
977 2075 1076 2138 venat

92 2167 243 2249 Silligius)
274 2166 358 2228 irrita
384 2182 467 2246 sunt,
497 2157 572 2229 nam
602 2182 674 2248 post
703 2165 761 2228 ista
790 2167 955 2231 inmemor
976 2163 1092 2232 audit

92 2283 189 2326 sensu
220 2276 302 2324 caret
331 2269 435 2324 tamen
455 2297 492 2331 -,
513 2261 655 2332 dtinittes.
706 2260 836 2342 Hauptii
862 2277 968 2324 autem
999 2283 1075 2326 con-

91 2359 213 2421 iectura
231 2365 383 2420 ettamen
400 2357 460 2420 elsi
476 2356 569 2423 aude
588 2349 692 2438 neque
713 2352 884 2437 quicquam
904 2356 992 2419 addit
1005 2378 1075 2419 sen·
1121 2349 1124 2356 ¹

91 2452 208 2515 tentiae
229 2449 292 2516 iam
312 2453 490 2515 enuntiatae
511 2449 614 2512 verbis
634 2449 798 2514 immemor
818 2451 911 2515 audo
933 2467 964 2514 et
983 2472 1076 2534 syna·

90 2545 244 2627 loepham
273 2549 312 2609 ab
344 2547 406 2617 hoc
438 2561 531 2628 poeta
559 2545 690 2616 ¹vitatam
720 2546 828 2625 habet,
862 2562 898 2608 ut
922 2547 1076 2627 'exposuit

92 2641 210 2704 Bittius
236 2643 275 2703 de
301 2641 428 2703 halieut.
451 2643 496 2703 50.
542 2639 597 2721 qui
623 2639 710 2720 quod
732 2639 866 2704 coniecit
892 2657 922 2704 et
941 2640 1075 2704 Thiloni

91 2736 238 2819 probavit
257 2746 289 2800 et
305 2735 448 2800 lamenta
462 2734 555 2816 vagis
575 2733 708 2798 dimittes
731 2735 837 2799 omnm
859 2735 958 2799 ventis
981 2736 1075 2798 habet

91 2825 224 2914 quidem
247 2832 335 2913 quod
355 2831 568 2895 assensionem
594 2829 695 2893 eliciat
719 2847 749 2895 et
773 2832 799 2894 si
824 2831 1004 2895 emendatio
1030 2847 1075 2894 est

93 2926 193 2989 facilis
223 2942 282 3006 est,
319 2926 374 2988 sed
409 2926 510 2989 sentio
540 2925 674 2996 dimittes
702 2928 808 2990 omnt'rz
836 2928 935 2991 ventz's
964 2927 1075 2990 fortius

92 3021 214 3084 dictum
229 3041 294 3084 esse
309 3039 404 3104 quam
419 3019 556 3083 lamenta
568 3019 682 3083 omneis.
724 3024 811 3103 quod
825 3023 873 3085 his
886 3023 1075 3084 substituam

91 3135 159 3179 non
186 3116 304 3198 habeo,
329 3115 384 3178 sed
409 3116 549 3196 primum
572 3114 665 3177 video
691 3116 858 3179 manifesto
889 3131 1075 3198 corruptum
1118 3193 1123 3206 ἱ

93 3230 160 3273 esse
185 3230 287 3294 unum
308 3209 417 3282 .uadis,
444 3209 557 3272 deinde
582 3210 711 3291 vestigia
737 3229 817 3290 quae
842 3210 882 3272 ad
907 3211 1075 3296 pristinum

90 3321 221 3370 sensum
247 3307 419 3388 perducere
444 3304 567 3386 possint
589 3324 663 3367 cum
689 3323 817 3385 quaero,
845 3323 947 3367 unum
972 3314 1081 3374 tamen-

91 3399 229 3480 invenio,
256 3401 344 3480 quod
368 3414 492 3484 tantum
519 3399 558 3460 ad
584 3401 641 3462 ista
666 3399 831 3464 inmemor
854 3397 947 3462 audis
966 3398 1075 3461 referri

90 3511 203 3576 potest.
249 3510 343 3578 atque
372 3493 599 3576 probabilitatis
630 3513 742 3556 omnes
772 3501 921 3556 numeros
952 3494 1075 3580 expleat

91 3590 161 3654 talis
181 3590 348 3674 sententia:
378 3598 415 3664 ct,
441 3597 544 3654 tamen
563 3597 600 3652 ut
615 3587 813 3678 memineris,
832 3587 864 3651 in
885 3587 1074 3674 memoriam

91 3705 231 3765 revoces,
244 3686 382 3765 redeant,
400 3679 542 3764 subeant,
562 3683 695 3748 dimittes
707 3682 830 3745 somnia
842 3682 954 3757 arentin
979 3681 1075 3743 nimi-
