2578 4242
475 331 520 374 AD
534 330 562 375 V.
576 331 680 385 nto-otii
1027 346 1066 412 79

79 512 190 593 adficit
207 510 259 575 ille
278 511 410 593 quedem,
435 510 495 574 sed
515 531 569 573 nec
592 510 754 574 sollemnia
779 510 878 573 verba
898 531 953 574 nec
971 510 1067 574 laetos

79 607 187 672 malms
211 626 266 669 nec
280 605 370 686 felix
392 606 499 670 attulit
518 627 608 670 omen
633 608 770 684 (metam.
796 625 838 681 ιο,
859 609 898 686 4).
924 641 960 652 -
984 605 1070 669 dedit

81 701 230 767 conubia:
257 701 295 763 cf.
318 701 393 764 Stat.
413 701 480 764 silv.
503 703 529 778 3,
549 721 577 782 4,
601 704 638 781 54
656 701 783 782 ipsaque
804 699 938 774 (Venus)
958 699 1067 762 taedas

80 798 237 862 iunxerat
253 805 284 859 et
292 795 391 878 plena
411 795 543 860 dederat
559 797 689 859 conubia
709 795 832 858 dextra.

163 893 201 954 V.
216 892 273 971 248
291 900 383 972 atque
399 889 484 954 altas
496 891 559 954 alio
573 890 687 954 densas
698 899 793 970 snper
804 888 932 968 agmine
944 896 1145 956 turnasnm.

80 985 238 1066 impietate
260 987 343 1066 fera
371 985 533 1049 vecordem
560 983 710 1050 Colchida
740 992 876 1045 matrem
908 984 992 1059 (nam
1016 1003 1065 1046 oe·

80 1079 209 1144 condem
230 1079 297 1141 lteli
318 1080 535 1156 emendarunt)
566 1080 677 1142 mutila
706 1077 860 1141 sententia
883 1092 938 1156 est,
969 1097 1066 1159 quam

81 1190 119 1237 ut
138 1173 288 1237 sarcirent
308 1175 448 1236 Bembus
469 1174 581 1238 densat
601 1174 865 1255 scripseratque
890 1191 964 1234 cum
989 1192 1066 1235 con-

81 1269 162 1332 tenti
183 1269 325 1350 plerique
346 1284 449 1332 essent
469 1269 557 1350 (quid
577 1269 636 1332 sibi
656 1268 731 1331 velit
746 1288 764 1329 a
777 1267 901 1348 Silligio
916 1269 1065 1349 quaeras),

82 1363 243 1443 Hauptius
264 1375 447 1447 pto-super
466 1364 572 1446 posuit
594 1370 715 1444 supero,
740 1361 856 1425 Bittius
881 1362 969 1442 quod
992 1382 1066 1425 sane

83 1459 199 1520 melius
221 1472 266 1520 est
286 1460 371 1535 (nam
391 1457 470 1519 illud
490 1459 541 1520 vel
561 1459 724 1521 metricam
744 1457 901 1520 rationem
921 1476 1067 1538 respuere

84 1555 172 1616 idem
199 1553 317 1632 docuit)
346 1572 468 1633 sequor.
524 1553 580 1615 sed
610 1569 759 1616 neutrum
793 1552 920 1615 tolerari
955 1567 1066 1632 potest.

82 1649 178 1711 video
204 1648 281 1729 quid
305 1647 345 1709 sit
368 1647 452 1711 altas
475 1668 588 1730 seqnor
612 1657 743 1721 turmas,
774 1647 829 1708 sed
855 1648 961 1709 nescio
986 1667 1066 1729 quae

81 1742 146 1804 sint
166 1741 251 1805 alme
270 1751 394 1804 turmae
413 1740 477 1806 ale'o
501 1742 629 1823 agmine
653 1741 778 1816 densae3
810 1742 912 1823 potuit
937 1742 1066 1804 fortasse

82 1837 169 1901 altas
188 1846 311 1900 tmmas
330 1835 458 1917 agmine
477 1835 598 1909 densos,
619 1837 675 1898 sed
694 1835 759 1899 alto
782 1837 910 1918 agmine
930 1856 980 1899 eas
1001 1851 1067 1898 tur·

84 1952 153 1994 mas
175 1931 286 1994 densas
307 1951 383 2008 esse,
404 1930 436 1992 id
456 1949 551 1992 sensu
565 1945 656 1992 caret.
697 1931 907 2013 intellegimus
928 1946 1006 2013 puto
1027 1951 1066 1992 eo

84 2028 156 2107 ipso
170 2026 327 2088 vocabulo
348 2023 436 2106 quod
456 2040 502 2088 est
520 2035 615 2107 snper
635 2025 733 2088 careri
747 2046 813 2088 non
827 2047 932 2107 posse:
952 2025 978 2087 si
991 2025 1067 2087 sim-

84 2121 209 2202 plicitet
228 2121 318 2201 loqui
338 2135 433 2201 poeta
452 2119 611 2194 voluisset,
632 2119 759 2182 dixisset
777 2121 861 2184 altas
880 2131 975 2202 super
993 2119 1067 2183 aliis

84 2227 211 2280 turmas
234 2217 285 2278 vel
308 2215 408 2278 altam
433 2225 572 2278 tnrmam
594 2225 689 2296 snper
708 2214 784 2289 aloa,
815 2216 961 2298 praetulit
984 2214 1069 2277 altas

85 2321 210 2374 turmas
228 2319 322 2390 snper
342 2309 406 2373 alio
425 2310 552 2390 agmine
572 2311 622 2371 vel
642 2311 747 2391 potius
768 2311 852 2375 altas
871 2312 984 2375 densas
1002 2319 1066 2374 tnr-

84 2425 157 2468 mas
185 2415 281 2486 snper
309 2403 373 2468 aleo
402 2403 542 2485 agmine,
573 2406 704 2468 moleste
732 2426 806 2468 sane
836 2422 866 2469 et
896 2421 930 2468 ut
959 2407 1066 2466 locum

85 2499 222 2562 eandem
256 2499 390 2580 figuram
428 2498 483 2579 qui
516 2501 663 2578 praebeat
697 2500 806 2562 afferre
840 2521 906 2563 non
938 2499 1066 2582 possim.

86 2597 180 2678 plane
201 2595 343 2675 loquitur
363 2593 527 2656 Lucretius
548 2594 576 2670 6,
601 2594 654 2655 186
675 2594 808 2658 nnbibns
826 2595 975 2659 extructis
994 2593 1068 2657 aliis

85 2689 170 2753 atns
188 2698 282 2770 snper
301 2689 366 2750 sive
379 2688 537 2768 Vergilius
551 2692 631 2750 Aen.
650 2710 692 2767 10,
706 2690 760 2752 881
786 2689 857 2754 t'nde
873 2690 966 2754 alind
973 2700 1068 2771 snper

84 2794 178 2865 atqm
197 2783 291 2847 altna'
298 2782 434 2865 figitque
451 2782 603 2864 volatque,
623 2783 679 2846 sed
699 2800 734 2846 ut
754 2785 829 2847 inde
848 2805 977 2866 quoque
991 2784 1068 2846 disci

85 2879 194 2961 possit,
219 2879 348 2944 illorum
373 2877 457 2941 altas
480 2877 544 2940 alto
562 2888 658 2959 snper
676 2880 756 2950 nihil
777 2880 858 2943 abici
878 2896 932 2944 aut
951 2881 1068 2942 immu-

85 2974 144 3047 tari
169 2993 268 3054 posse.
308 2987 402 3054 atque
427 2973 559 3036 omnino
583 2975 637 3036 tali
661 2975 818 3038 medicina
848 2995 912 3038 non
942 2991 988 3037 est
1017 2975 1068 3037 hic

84 3088 193 3131 versus
218 3067 373 3130 sanabilis.
425 3067 513 3148 quod
543 3084 578 3131 ut
605 3070 829 3149 demonstrem,
859 3071 947 3132 verbi
976 3089 1085 3132 causa·

85 3164 312 3227 substituamus
333 3162 361 3224 ei
382 3163 548 3241 vocabulo,
576 3184 641 3245 quo
668 3164 816 3227 facillime
842 3164 939 3226 careri
958 3163 1067 3243 possit,

85 3262 219 3322 verbum
240 3259 279 3320 ad
300 3258 497 3320 enuntiatum
518 3258 765 3321 conficiendum:
790 3269 887 3340 atone
901 3257 985 3320 alias
1004 3256 1068 3320 alto

85 3375 178 3418 cerno
196 3362 293 3434 snper
311 3353 437 3434 agmine
456 3363 588 3425 turmas,
613 3353 767 3434 impietate
783 3354 865 3433 sera
884 3351 1068 3415 vaecordem

88 3448 399 3515 Colclnt’amotrem
423 3446 524 3511 annea
548 3446 686 3518 sollicitis
711 3448 910 3512 meditantem
934 3446 1068 3510 vulnero

85 3544 182 3618 natis;
213 3543 279 3616 tam
309 3543 507 3610 Pandionias
531 3561 556 3602 e.
576 3560 605 3622 q.
625 3562 663 3622 s.:
696 3549 772 3604 num
803 3543 882 3622 fieri
901 3557 1003 3625 potest
1033 3559 1068 3606 ut

87 3638 203 3714 Medea,
220 3630 399 3712 turmarum
419 3636 591 3720 agminisv'e
606 3639 792 3719 exempluni
804 3633 948 3721 ponatur,
969 3644 1067 3705 verbo
