2600 4242
208 321 248 381 40
567 296 826 344 contutuuranrvs

209 480 338 542 utilitate
358 487 465 541 manet
481 481 613 539 verbum
634 498 700 540 non
725 478 848 540 facilem
874 479 968 541 habet
989 479 1200 560 explicatum.

209 591 336 655 apparet
351 573 445 650 enim,
460 591 516 634 uec
528 573 697 653 particulae
711 574 775 634 vim
791 574 1002 654 copulativam
1016 575 1055 635 ad
1069 595 1202 637 nomen

210 668 359 750 (fulgor),
385 667 562 748 negativam
582 668 621 728 ad
642 668 831 729 adiectivum
852 668 944 744 (ulla)
965 671 1131 748 pertinere,
1157 689 1201 732 ut

210 765 429 844 intellegamus
443 771 474 823 et
485 761 625 842 lupellum
629 762 747 843 fulgor
762 763 794 824 iu
804 763 892 824 nulla
901 762 1030 826 utilitate
1040 767 1199 846 cognitus.

209 860 241 921 id
271 874 354 920 recte
385 857 528 938 exposuit
559 857 698 937 Silligius
729 873 759 920 et
788 877 931 921 assensus
962 875 1006 920 est
1030 861 1200 942 Hauptius

210 954 327 1034 (opusc.
351 955 377 1029 3,
397 954 454 1032 68).
495 953 539 1014 sic
559 973 587 1014 v.
602 955 658 1030 275
684 971 738 1014 uec
753 951 873 1031 focius
896 952 985 1016 sedes
1008 955 1076 1028 (ubi
1096 956 1198 1035 vide),

209 1070 236 1108 v.
259 1068 312 1126 140
336 1050 375 1108 ab
402 1047 533 1108 Heinsio
564 1047 741 1108 restitutum
771 1067 808 1107 ex
840 1047 995 1127 frequenti
1023 1067 1199 1128 poetarum

210 1162 297 1203 more
318 1162 372 1202 nec
393 1141 475 1203 luctu
495 1151 664 1220 cupressus.
702 1141 757 1203 sed
772 1141 929 1222 Hauptius
949 1143 1036 1221 quod
1055 1144 1199 1206 coniecit

208 1257 338 1298 manum
367 1255 422 1297 nec
444 1235 559 1316 pocula
591 1236 726 1300 Graium
754 1235 883 1299 Alconis
912 1237 1062 1316 referunt,
1096 1239 1129 1299 id
1161 1257 1198 1301 er

210 1330 391 1391 mutationis
413 1330 543 1391 audacia
562 1330 675 1392 refutat
697 1346 727 1393 et
747 1331 875 1392 metrica
897 1333 1053 1412 quaedam
1074 1335 1197 1396 scabri-

209 1426 275 1503 tias,
307 1445 387 1505 quae
413 1425 529 1487 scilicet
555 1423 628 1485 huic
654 1441 765 1504 poetae
792 1426 857 1487 visa
883 1443 937 1504 est,
968 1443 1003 1488 ut
1033 1429 1089 1508 qui
1119 1447 1197 1510 post

209 1520 335 1582 tertium
346 1522 532 1582 trochaeum
542 1520 712 1581 sententiae
727 1520 927 1583 interstitium
940 1542 1004 1583 non
1018 1523 1193 1600 admiserit,

209 1617 267 1678 hac
288 1636 417 1697 quoque
442 1617 474 1678 in
501 1636 534 1677 re
560 1617 598 1677 ab
624 1630 688 1676 arte
711 1615 827 1676 Catulli
853 1617 971 1696 (quiin
993 1619 1197 1698 carmine'·64

209 1711 343 1792 septiens
358 1712 515 1774 octiensve
529 1711 663 1787 admisit)
686 1710 811 1771 Lucreti
830 1711 895 1791 (qui
913 1711 988 1772 tales
1002 1731 1110 1773 versus
1125 1733 1195 1775 non

208 1807 316 1868 vitavit
328 1806 419 1870 obvia
433 1805 609 1887 confluere,
621 1805 667 1886 fit
677 1815 712 1866 ut
722 1805 850 1867 deversa
863 1815 992 1887 repente.
1026 1807 1197 1870 subruitur

209 1912 334 1974 natura,
356 1901 445 1964 dolor
464 1920 560 1980 quatu
580 1899 773 1980 consequimr
793 1902 871 1978 rem)
892 1901 1010 1982 Vergili
1031 1902 1097 1982 (qui
1118 1905 1195 1964 arti·

209 1997 317 2058 ficium
343 1997 421 2057 illud
448 1995 569 2075 quaerit
594 1995 626 2054 in
654 1995 779 2074 eclogis‚
806 2016 871 2057 non
897 1996 990 2057 habet
1012 2012 1137 2058 tantum
1159 1999 1194 2060 in

210 2092 433 2172 georgicorum
447 2089 548 2166 terti0,
559 2090 708 2150 Aeneidis
723 2090 814 2152 tertio
829 2106 941 2170 quarto
956 2092 1055 2168 sexto)
1070 2093 1196 2154 alienus

212 2202 242 2247 et
262 2183 378 2246 Ovidio
399 2184 529 2264 propior
554 2183 602 2261 [cf.
625 2185 797 2247 Muellerus
823 2186 861 2246 de
882 2206 915 2247 re
937 2202 1025 2247 metr.
1051 2188 1104 2249 186
1124 2191 1196 2268 sq.).
1279 2239 1280 2252 .

211 2298 339 2361 prorsus
359 2279 438 2340 illud
458 2299 558 2359 genus
579 2278 684 2341 vitavit
711 2281 831 2360 primus
852 2281 1000 2341 Manilius
1017 2283 1111 2360 lnam
1132 2284 1197 2345 alia

211 2375 256 2436 rei
278 2393 370 2436 causa
391 2389 436 2435 est
456 2373 488 2434 in
510 2374 685 2454 Lygdamo,
706 2375 744 2436 cf.
760 2375 938 2438 Guilelmus
953 2377 1063 2458 Meyer
1083 2377 1115 2439 in
1136 2381 1196 2440 rel.
1279 2435 1280 2442 ,

212 2491 255 2532 ac.
278 2471 351 2531 Bav.
377 2469 451 2546 1884
476 2488 506 2549 p.
531 2472 622 2549 1016),
654 2470 708 2550 qui
739 2471 826 2551 quod
857 2487 967 2551 quater
999 2471 1199 2552 Capricorne

212 2565 357 2627 incisioni
376 2584 484 2625 versus
508 2565 688 2646 praeposuit
709 2564 757 2642 (cf.
779 2565 850 2626 Cul.
871 2566 947 2644 237),
974 2566 1052 2645 legis
1077 2568 1197 2628 severi·
1279 2581 1280 2598 ³

212 2677 307 2722 tatem
329 2660 473 2721 consulto
493 2660 668 2736 illustravit;
689 2675 719 2720 at
740 2679 805 2720 non
820 2659 959 2720 distinxit
972 2660 1059 2722 velut
1077 2683 1099 2739 1,
1121 2663 1195 2740 760.
1279 2677 1280 2680 ’

213 2774 279 2816 rem
309 2754 396 2834 tetigi
424 2755 511 2834 quod
536 2755 629 2816 etiam
660 2754 699 2814 de
729 2754 796 2814 aliis
826 2754 966 2815 versibus
999 2756 1056 2816 hac
1085 2759 1197 2818 obser-

213 2849 338 2910 vatione
356 2850 510 2911 utendum
531 2849 588 2910 erit
602 2866 631 2910 et
646 2849 765 2930 aliquid
786 2850 946 2910 consecuti
967 2870 1033 2912 esse
1046 2851 1199 2913 videmur
1279 2869 1280 2896 l

215 2965 287 3006 cum
307 2953 415 3005 manet
435 2943 513 3004 illud
539 2946 577 3004 ab
602 2931 830 3004 altera'versus
851 2959 936 3022 parte
964 2960 1046 3006 certa
1072 2947 1197 3010 ratione

214 3038 478 3120 prohibuerimus.
519 3039 581 3100 iam
602 3039 706 3118 ipsum
721 3046 827 3099 manet
844 3039 932 3118 quod
948 3039 1104 3120 Hauptius
1120 3042 1197 3104 dicit

213 3155 306 3196 sensu
331 3153 434 3196 carere
456 3150 485 3195 et
512 3134 537 3194 si
558 3153 631 3195 cum
652 3133 827 3196 Schradero
848 3133 1000 3196 scribatur
1019 3146 1121 3198 movet
1139 3157 1196 3198 ne-

214 3229 373 3308 gationem
408 3230 590 3306 desiderari,
625 3229 714 3290 facile
749 3229 954 3291 concedimus
988 3231 1196 3310 Buechelero‚

119 3376 120 3381 ,
215 3325 290 3386 haec
310 3327 404 3386 verba
425 3343 479 3386 uec
493 3323 636 3404 tapidum
644 3322 763 3404 fulgor
776 3323 914 3403 cognitus
933 3333 1040 3386 manet
1056 3328 1196 3405 probum
1279 3385 1280 3404 p

214 3438 341 3479 sensum
362 3421 527 3500 praebere;
551 3419 594 3480 sic
618 3419 669 3479 ille
697 3438 726 3498 p.
743 3421 798 3496 327
827 3419 924 3498 ‘quod
949 3419 1107 3500 praecedit
1126 3440 1196 3482 ver·
1279 3427 1280 3436 ’

215 3515 292 3574 burn
312 3535 339 3574 v.
354 3515 392 3574 66
412 3533 466 3575 uec
489 3513 596 3591 fulgor
621 3524 732 3586 manet,
764 3513 820 3575 etsi
850 3513 1000 3594 temporis
1031 3530 1076 3575 est
1105 3535 1195 3595 prae-

215 3607 322 3681 sentis,
356 3607 385 3666 vi
416 3624 520 3668 tamen
549 3628 584 3668 ac
614 3624 724 3668 natura
754 3628 809 3668 sua
840 3608 941 3669 vicem
975 3608 1053 3688 gerit
1088 3609 1191 3685 futuri,
