2578 4242
458 349 504 396 ΑῙ)
519 349 546 396 V·
560 363 663 410 ²33-245
695 357 698 366 '
1015 374 1054 434 ῃ

65 532 176 594 hausit
201 552 239 594 ex
262 530 375 592 vetusti
401 532 554 594 sermonis
579 531 679 610 fonte,
709 533 764 595 sed
790 553 848 612 pro
875 534 1055 614 composito

63 627 205 708 simplex
235 625 350 706 posuit,
365 639 415 685 ut
445 645 470 688 e.
497 629 531 706 'g.
562 626 687 689 videbat
716 625 899 690 Lucretium
928 629 1054 710 saepius

63 720 252 802 stinguendi
265 740 325 801 pro
338 720 557 800 exstinguendi
571 723 668 782 verbo
683 721 738 802 uti,
758 723 856 786 semel
869 741 928 803 pro
942 723 1052 785 distin-

63 816 190 897 guendi
204 817 241 894 (r,
255 814 333 894 486).
370 829 464 896 atque
478 815 629 877 audacius
642 816 735 878 etiam
749 839 777 879 v.
792 818 829 880 63
844 817 920 879 data
933 816 1054 880 vellera

62 911 177 992 posuit
190 927 221 972 et
233 909 438 972 audacissime
451 930 480 972 v.
496 911 547 990 391
565 909 698 992 simplex
711 913 864 992 caaapro
875 911 1054 994 composito

63 1007 183 1087 incipit.
219 1020 358 1067 ceterum
380 1005 526 1067 consulto
547 1004 655 1068 fecisse
675 1000 853 1068 videtur'ut
867 1022 938 1087 post
951 1029 979 1068 v.
995 1007 1052 1087 ²39

63 1100 157 1162 nulla
184 1099 403 1162 damnatorum
427 1099 568 1178 nomina,
588 1099 662 1162 inde
686 1119 703 1162 a
723 1121 751 1162 v.
774 1101 830 1162 262
850 1119 958 1163 rursus
978 1103 1053 1163 bea-

61 1209 177 1256 torum
198 1195 384 1256 nominaret
853 1223 854 1226 ¹

145 1289 184 1350 V.
209 1291 264 1367 245
294 1289 524 1364 dubitaverunt,
549 1288 660 1368 critici,
691 1290 731 1351 ad
755 1289 928 1372 Sisyphum
954 1309 1128 1372 quae-unq.

62 1391 187 1445 rentem
213 1402 286 1444 cum
311 1403 385 1445 vera
410 1383 565 1446 librorum
592 1383 747 1448 memoria
773 1403 813 1446 an
833 1384 873 1446 ad
894 1385 1051 1447 Danaides

62 1487 252 1558 quaerentes
272 1497 345 1539 cum
366 1478 449 1540 Italis
470 1479 662 1560 quibusdam
682 1478 847 1556 referrent3
873 1495 967 1561 atque
988 1481 1050 1543 hoc

63 1571 199 1652 quidem
219 1571 343 1635 interim
364 1573 397 1637 in
413 1573 601 1636 coniecturis
615 1593 816 1655 seponamus,
837 1572 916 1636 illud
937 1593 1050 1654 parum

63 1665 240 1726 commode
261 1666 328 1730 fieri
341 1667 474 1747 videtur,
496 1669 552 1730 etsi
566 1669 634 1730 fieri
648 1669 788 1749 potuisse
802 1687 868 1730 non
882 1687 1048 1748 negamus3

62 1759 122 1820 sed
148 1775 261 1840 poetae
291 1763 414 1824 consilii
444 1763 597 1825 indicium
627 1763 781 1825 habemus
811 1763 899 1844 quod
930 1762 1049 1843 ubique

63 1869 224 1916 certarum
254 1857 440 1918 umbrarum
471 1857 628 1940 copiosius
659 1873 873 1920 enarraturum
906 1858 1050 1938 exempla

62 1968 216 2010 versuum
237 1949 354 2012 finibus
375 1952 530 2031 describit,
556 1972 660 2034 neque
686 1972 762 2014 vero
783 1968 854 2034 post
873 1974 902 2014 v.
917 1971 974 2032 244
994 1951 1049 2012 ad-

62 2044 169 2105 ditum
190 2043 228 2106 de
250 2044 387 2126 Sisypho
408 2047 580 2128 quicquam
600 2046 822 2109 desideramus.
856 2047 909 2108 tali
930 2045 1049 2110 delibe-

62 2138 185 2200 ratione
212 2159 293 2220 opus
320 2156 365 2203 est
391 2142 543 2223 quoniam
569 2143 602 2204 in
622 2163 650 2203 v.
665 2145 721 2222 245
743 2157 890 2223 corrupta
910 2162 969 2204 nos
989 2143 1049 2203 im-

62 2233 153 2313 pedit
182 2235 330 2296 vocabuli
359 2237 478 2317 species
507 2236 615 2300 siblite.
670 2252 763 2318 atque
794 2237 833 2300 ad
864 2237 978 2300 certius
1008 2237 1048 2298 de

61 2335 176 2390 versus
201 2328 291 2391 initio
312 2330 466 2393 iudicium
491 2331 696 2412 perducimur
716 2332 794 2394 dum
813 2332 969 2394 rationem
989 2333 1048 2393 ob·

62 2442 226 2485 servamus
250 2443 312 2505 qua
335 2424 477 2487 visorum
502 2425 647 2488 ordinem
672 2427 763 2488 culex
786 2426 918 2507 profert:
950 2426 1048 2488 fertur

62 2516 133 2578 avia
164 2535 294 2596 carpens
326 2521 428 2599 (231),
464 2536 597 2583 terretur
631 2521 724 2582 tantis
754 2521 875 2583 umbris
906 2520 1048 2582 insistere

63 2613 141 2690 (239,
170 2611 207 2672 cf.
234 2613 342 2677 Manil.
364 2618 390 2692 5,
414 2619 469 2694 577
493 2635 554 2677 nan
579 2616 708 2679 territus
731 2615 800 2695 ire),
831 2615 891 2677 alia
919 2614 1047 2695 agmina

61 2707 171 2768 videre
197 2706 320 2788 cogitur
344 2711 430 2789 (248),
461 2729 637 2791 numquam
662 2711 776 2772 mutari
796 2711 944 2772 ‘laborem
969 2729 1049 2791 que-

62 2803 143 2864 ritur
164 2804 242 2883 (258)
267 2813 297 2866 e:
311 2825 340 2885 q.
354 2825 378 2865 s.
408 2805 448 2866 ad
474 2823 546 2866 eum
575 2805 726 2867 orationis
757 2825 884 2868 cursum
914 2803 1047 2887 pertinet

61 2897 127 2960 otia
146 2907 346 2978 quaerentem
360 2900 504 2978 frustra,
529 2914 559 2961 et
584 2900 635 2962 hic
656 2921 785 2982 quoque
805 2920 916 2963 sensus
935 2900 1047 2980 Vergi-

61 2993 165 3055 lianus
179 3008 238 3054 est:
259 2994 448 3074 quofessum
461 2995 583 3074 rapias,
598 2995 712 3059 Fabii?
726 2997 763 3075 (6,
777 2997 855 3076 845),
873 2997 1045 3057 verborum

62 3087 180 3169 positio
204 3086 305 3168 qualis
326 3086 421 3148 Ovidi
442 3088 517 3150 trist.
540 3090 566 3167 3,
591 3111 614 3165 r,
635 3091 673 3170 67
698 3099 897 3172 quaerentem
911 3090 1045 3170 frustra

62 3191 163 3245 custos
177 3217 214 3227 —
228 3181 321 3244 iussit
336 3181 435 3244 abire.
476 3183 539 3245 hoc
564 3184 722 3248 intellecto
748 3183 938 3247 emendandi
957 3183 1044 3246 nulla

63 3293 108 3340 est
130 3275 327 3357 ambiguitas,
348 3275 505 3358 siquidem
529 3278 569 3341 ite
580 3279 716 3359 nullae,
742 3279 782 3342 ite
807 3279 883 3360 quin
903 3277 1042 3340 sermoni

61 3372 156 3434 unice
188 3372 377 3434 satisfaceret
407 3388 478 3452 post
502 3374 660 3435 Bembum
690 3376 783 3456 pauci
808 3373 1043 3452 dubitaverunt,

63 3468 258 3532 desideratur
276 3469 410 3533 verbum
431 3468 515 3530 unde
540 3476 737 3550 quaerentem
757 3468 901 3548 pendeat,
925 3483 955 3530 et
974 3489 1044 3531 ver-

63 3566 141 3625 bum
163 3563 293 3644 quidem
314 3562 548 3643 imperativum:
569 3563 696 3625 nullum
716 3576 798 3624 extat
811 3579 933 3643 praeter
945 3563 1042 3626 sinite.

63 3678 121 3721 nec
142 3658 260 3719 mirum
282 3657 369 3738 quod
390 3677 427 3719 ex
447 3657 538 3720 sinite
554 3658 597 3720 'ite
616 3655 669 3719 illa
683 3657 801 3738 species
820 3659 915 3721 evasit
934 3658 1042 3724 siblite.
