2600 4242
226 329 264 389 26
585 323 846 372 COMMENTARIVS

226 507 332 570 calices
351 506 415 570 sint
432 507 578 570 carmina
598 505 687 568 docta
712 520 962 568 consentaneum
985 517 1030 564 est
1050 501 1225 564 doctrinae

228 621 328 682 genus
354 602 496 681 quodam
521 602 619 663 modo
646 598 856 678 determinari,
886 614 921 661 ut
946 597 981 660 in
1005 615 1038 660 re
1063 597 1155 659 tenui
1184 618 1225 660 ac

226 695 348 758 minuta
363 715 432 758 eam
446 695 562 758 versari
577 694 741 758 indicetur.
781 694 859 757 haec
869 701 1002 774 propter
1018 693 1223 773 coniungere

226 811 350 867 vereor,
381 791 534 872 quoniam
567 809 695 853 carmen
723 789 829 870 ipsum
857 803 904 851 est
931 789 1021 850 lusus
1052 787 1114 858 ille,
1144 808 1224 850 non

227 907 354 949 carmen
380 902 508 967 propter
532 887 647 963 lusum,
674 899 704 946 et
730 883 836 946 cubans
860 904 989 948 carmen
1019 902 1097 945 num
1123 903 1224 944 com·

227 1002 346 1063 ponere
366 981 502 1044 voluerit
528 980 655 1057 dubito;
686 978 778 1040 Nelei
798 979 954 1041 Priamive
980 977 1120 1040 carmina
1145 977 1223 1058 ipsa

227 1078 353 1140 incerta.
395 1076 485 1138 facile
502 1091 567 1138 erat
586 1075 659 1137 talia
679 1087 845 1154 temptare:
858 1071 947 1136 ‘naec
966 1082 1030 1153 pro
1049 1089 1087 1134 re
1106 1073 1225 1136 culices

227 1173 291 1236 sint
301 1172 447 1235 carmena
460 1171 565 1245 dacta;
584 1169 640 1232 sed
656 1169 739 1232 viam
760 1169 874 1231 doctus
894 1167 1014 1230 amicus
1029 1165 1108 1227 mihi
1119 1185 1222 1228 mon-

227 1267 342 1346 stravit,
363 1266 418 1348 qui
438 1266 700 1348 coniungendum
721 1284 787 1326 esse
807 1262 885 1326 vidit
898 1270 1031 1342 propter
1050 1259 1157 1323 cnla'czs
1179 1281 1221 1322 ac

229 1361 332 1424 dicere
361 1376 503 1441 poetam:
534 1361 612 1422 haec
642 1361 736 1422 docta
767 1357 906 1421 carmina
937 1370 1065 1437 propter
1096 1354 1221 1417 culices

228 1456 298 1531 sint,
330 1455 445 1518 culices
474 1454 508 1516 in
539 1474 631 1518 causa
661 1455 723 1516 sint
747 1469 782 1516 ut
810 1452 941 1515 doctum
967 1469 1095 1513 carmen
1120 1465 1222 1528 extet,

230 1551 345 1614 culices
366 1550 526 1611 minutum
546 1568 581 1613 ac
603 1551 787 1631 despectum
807 1567 917 1630 genus,
938 1546 1013 1609 mali
1027 1545 1144 1608 culices
1157 1546 1219 1626 qui

229 1663 379 1708 somnum
400 1659 543 1706 avertunt
563 1645 652 1723 (Hor.
673 1659 727 1706 sat.
753 1665 777 1722 1,
800 1647 825 1721 5,
850 1645 904 1722 14),
930 1661 1008 1722 quos
1029 1661 1103 1702 cum
1123 1642 1221 1722 pedi-

230 1741 308 1804 culis
338 1739 559 1821 pulicibusque
589 1753 788 1820 componunt
821 1737 872 1799 vel
901 1736 1131 1816 Aristophanes
1163 1738 1220 1800 vel

230 1837 360 1900 Plautus
381 1837 476 1912 (Plut.
492 1835 557 1914 537,
575 1835 673 1897 'Cure
691 1835 767 1912 500).
807 1830 1049 1913 praepositionis
1068 1833 1220 1913 exempla

230 1932 372 2012 Properti
395 1933 421 2010 3,
447 1951 489 2010 19,
515 1951 549 2010 19
574 1949 670 2012 qnam
683 1937 816 2010 propter
840 1937 904 1990 tato
923 1927 1063 2008 Mycenis
1082 1927 1222 2008 infames

187 2069 190 2078 ,
229 2033 336 2105 stupro
360 2034 427 2087 stat
444 2025 578 2106 Pelopea
602 2025 721 2098 domm,
748 2023 912 2085 Ciceronis
932 2022 973 2084 ad
992 2027 1056 2085 Att.
1082 2040 1126 2102 ιο,
1146 2042 1176 2103 4,
1203 2043 1214 2082 1

230 2119 304 2180 istos
328 2139 404 2200 qnos
426 2129 555 2200 propter
580 2119 687 2182 omnia
713 2118 887 2191 amisimus,
918 2119 958 2180 ad
983 2118 1055 2180 fam.
1075 2135 1105 2196 7,
1127 2135 1176 2195 27,
1199 2135 1220 2176 2

229 2234 279 2275 me
291 2222 425 2293 propter
443 2233 535 2294 queen
548 2213 644 2276 ceteri
655 2211 750 2276 liberi
759 2223 838 2287 nent,
860 2213 976 2275 Luccei
989 2213 1070 2275 inter
1083 2211 1221 2273 Cicero-

232 2308 339 2371 nianas
364 2327 413 2389 ep.
437 2311 463 2386 5,
493 2327 536 2387 14,
564 2327 581 2368 2
612 2306 669 2388 qui
692 2317 823 2389 propter
853 2327 981 2370 acumen
1010 2305 1221 2369 occultasse'ma

226 2403 388 2485 perspicis.
446 2403 499 2466 hic
530 2403 626 2484 igitur
660 2418 764 2465 totum
797 2423 898 2484 genus
931 2401 1044 2482 plurali
1078 2419 1220 2463 numero

231 2499 426 2580 significavit,
453 2518 510 2561 nec
534 2499 600 2561 sine
627 2499 769 2576 consilio,
800 2514 835 2560 ut
855 2517 923 2576 v.7
948 2495 1113 2577 singulari:
1137 2505 1219 2576 pon-

206 2593 307 2658 tdere
330 2594 384 2657 ael
402 2593 510 2656 cnlnis
530 2593 628 2656 levam
641 2594 801 2674 famaque
816 2593 954 2672 ferente.
989 2590 1091 2672 pergit
1113 2591 1221 2652 omnis

233 2699 264 2752 et
289 2687 440 2756 antonne
465 2697 525 2768 per
551 2686 659 2750 ludum
688 2697 831 2752 consonet
857 2687 935 2750 orda
964 2685 983 2748 i.
1008 2706 1034 2748 e.
1065 2685 1220 2748 historico

234 2783 363 2863 epicove
377 2783 492 2863 generi
513 2782 617 2844 omnis
637 2783 791 2864 poematis
807 2783 887 2845 ordo
902 2795 1063 2858 consonet,
1083 2781 1139 2842 sed
1159 2799 1220 2860 per

233 2878 346 2940 ludum
371 2877 469 2953 (aliter
489 2877 637 2939 Manilius
658 2897 685 2957 2,
711 2882 767 2940 522
790 2878 838 2940 se'c
856 2877 929 2941 veri
944 2886 1007 2958 per
1032 2884 1128 2938 nnn
1148 2894 1221 2938 con-

234 2983 327 3036 sonat
341 2971 427 3045 orda,
450 2972 488 3034 cf.
506 2973 532 3050 3,
553 2976 630 3052 207).
670 2992 785 3055 nempe
804 2973 882 3035 haec
895 2988 941 3036 est
959 2970 1098 3049 historia,
1119 2990 1220 3051 quam

231 3065 425 3149 pedestribus
443 3067 584 3130 aeonas
609 3068 742 3149 opponit
767 3068 918 3130 Horatius
946 3085 1088 3145 carme,
1119 3083 1163 3145 12,
1190 3088 1222 3146 9,

235 3182 331 3245 quam
346 3161 468 3224 lusibus
482 3178 537 3226 sat.
553 3183 576 3242 r,
596 3184 638 3241 10,
654 3163 690 3226 36
704 3162 850 3244 turgodus
858 3161 992 3243 Alpznns
1005 3159 1132 3242 ingnlat
1141 3159 1221 3222 dum

234 3258 405 3321 Memnona
430 3256 562 3338 dnmqm
586 3257 729 3340 diffingit
745 3258 851 3320 Rheni
871 3256 986 3320 luteum
1011 3265 1110 3337 capnt,
1140 3255 1222 3318 haec

234 3373 292 3435 ego
312 3352 394 3426 lado,
420 3367 455 3414 ut
478 3352 641 3416 historiam
667 3368 697 3415 et
721 3354 830 3416 iocum
855 3351 1020 3432 componit
1040 3351 1156 3414 Cicero
1177 3351 1220 3411 ad

236 3448 376 3511 Atticum
397 3447 535 3510 scribens
556 3466 583 3526 2,
605 3449 632 3526 8,
665 3469 674 3509 1
708 3445 843 3528 siquid
868 3445 901 3508 in
929 3465 968 3508 ea
996 3444 1127 3526 epe'stnla
1147 3445 1224 3524 fnit

236 3541 369 3606 antonia
387 3541 526 3622 deganan,
551 3542 652 3606 scribe
676 3540 939 3623 quamprimum,
964 3561 1002 3603 ne
1021 3540 1221 3621 moeremus,-

236 3636 285 3700 sin
305 3634 389 3698 mail
400 3645 530 3717 praeter
551 3636 739 3708 eocanonem,
761 3635 857 3699 redde
878 3634 1038 3714 allapsum.
1079 3633 1122 3694 sic
1138 3632 1219 3695 Pro—
