2600 4242
500 359 677 414 muno
1040 383 1074 440 μ

96 539 212 600 dicitur
242 539 327 600 enim
357 539 419 602 hoc
454 543 494 602 ‘et
525 541 627 621 fulgor
661 540 802 622 lapidum
833 543 919 604 nulla
948 543 1079 606 utilitate

96 635 244 714 cognitus
265 633 341 712 erit',
361 635 416 695 sed
437 653 502 715 quo
522 635 672 697 intentior
692 635 745 696 liat
768 651 798 698 et
819 637 1003 700 obstinatior
1024 657 1079 700 ne-

94 727 192 808 gatio,
220 727 409 809 ‘incognitus
430 731 555 792 manet!
596 751 624 791 v.
644 751 668 790 s.
690 730 729 790 ad
749 751 777 790 v.
800 731 845 790 38.
885 732 940 792 sed
966 733 1028 795 hoc
1053 733 1079 794 si

94 822 278 902 accipimus,
303 824 345 886 ita
366 823 508 904 loquitur
533 840 695 904 tamquam
724 824 791 886 aliis
812 825 994 888 hominibus
1015 828 1079 888 ulla

96 918 230 979 utilitate
251 919 370 998 cogniti
390 919 451 980 sint
472 919 599 1000 lapides*
610 919 738 999 pretiosi
760 920 805 997 (ut
818 929 953 999 gratnm
969 922 1012 983 eis
1034 938 1079 983 est

94 1012 228 1075 Alconis
248 1015 412 1092 toreuma),
434 1032 506 1074 cum
528 1014 589 1074 hoc
610 1014 713 1076 dicere
734 1031 827 1095 poeta
847 1015 931 1094 velit,
957 1018 1078 1078 nullam

95 1107 231 1169 omnino
244 1127 298 1168 eos
312 1107 477 1170 utilitatem
490 1110 613 1178 habere,
630 1109 686 1170 sed
700 1110 842 1171 luxuriae
852 1110 1078 1190 supellectilem

95 1222 165 1263 esse
185 1201 339 1263 inutilem.
380 1201 463 1262 idem
489 1203 528 1263 de
550 1203 716 1266 Schraderi
742 1205 922 1267 coniectura
942 1207 1023 1267 valet
1048 1222 1078 1267 et

94 1296 262 1358 similibus.
304 1295 341 1357 cf.
364 1296 455 1358 Lucr.
479 1299 505 1374 5,
532 1300 603 1376 1273
624 1308 690 1361 trem
704 1300 776 1380 filie
797 1299 829 1362 in
846 1299 950 1380 pretia
974 1300 1079 1380 magis

93 1412 161 1465 aes,
187 1410 364 1472 aurumque
387 1389 510 1453 abcedat
527 1401 661 1474 prepter
685 1394 888 1458 inutilitatem.
930 1411 1023 1456 restat
1044 1411 1078 1456 ut

95 1506 172 1549 cum
186 1486 310 1566 Silligio
330 1485 472 1548 dicamus
491 1490 626 1549 verbum
640 1508 706 1551 non
720 1492 759 1551 ab
774 1489 840 1570 ipsa
854 1489 1077 1552 coniunctione

94 1580 318 1657 condicionali,
348 1579 404 1641 sed
430 1582 456 1643 ‘a
480 1580 511 1644 si
531 1602 591 1644 eran
616 1583 763 1664 pendere,
790 1582 879 1644 cuius
903 1584 1078 1664 negationis

94 1676 143 1736 vis
158 1676 190 1736 in
205 1675 284 1737 illud
298 1675 449 1736 transeat'.
488 1695 552 1756 quo
566 1692 673 1738 tamen
687 1697 723 1738 ea
738 1678 911 1740 obscuritas
924 1679 1078 1739 sermonis

94 1770 197 1831 oritur
217 1787 314 1849 quam
341 1769 463 1830 homini
489 1770 586 1832 latino
613 1771 769 1852 imputare
789 1791 904 1834 verear.
947 1792 1022 1852 ergo
1049 1789 1079 1834 et

94 1864 311 1926 assensionem
338 1863 473 1925 cohibeo
498 1881 529 1926 et
553 1865 721 1943 iudicium,
746 1883 867 1928 tantum
888 1867 960 1928 dico
980 1870 1078 1928 verbo

92 1976 167 2040 post
187 1959 266 2020 illud
285 1969 383 2039 anget
404 1959 492 2022 nullo
516 1951 596 2040 opus
622 1981 688 2022 esse
715 1977 744 2022 er
767 1961 905 2022 dilucida
925 1962 1033 2024 omnia
1053 1963 1079 2023 si

92 2053 212 2115 scribas
236 2052 376 2138 lapidum
401 2074 455 2117 nec
474 2055 593 2136 fielgn
622 2056 654 2118 in
684 2055 751 2118 nlla
781 2057 920 2137 cognitus
948 2057 1079 2120 utilitate

92 2148 221 2211 homini.
262 2148 331 2209 talis
352 2148 447 2228 igitur
468 2151 658 2214 emendandi
678 2151 758 2212 ratio
778 2151 803 2212 si
824 2171 889 2213 non
904 2153 1018 2229 verior,
1038 2151 1077 2212 ad

92 2243 233 2304 veritatis
246 2245 485 2308 similitudinem
504 2247 583 2308 mihi
603 2246 728 2307 videtur
748 2267 815 2308 esse
828 2248 1024 2328 propensior.
1040 2283 1077 2292 -

92 2337 198 2419 pergit
222 2359 277 2401 nec
294 2340 409 2420 pocula
429 2351 564 2422 gratnm
590 2340 718 2402 Alconti
747 2342 888 2420 referent
908 2341 1077 2422 Boethique
1090 2362 1155 2406 onst

92 2443 247 2506 toreuma,
267 2434 322 2495 ubi
337 2444 472 2516 gramm
493 2436 578 2498 idem
598 2437 657 2497 sibi
678 2438 745 2498 vult
770 2437 856 2517 quod
881 2458 897 2498 e
920 2436 1077 2499 contrario

92 2550 122 2588 v.
140 2528 180 2595 76
200 2526 251 2590 illi
271 2540 345 2592 sunt
361 2539 481 2612 gratae
505 2541 651 2594 rorantes
675 2530 753 2593 lacte
777 2531 920 2612 capellae.
965 2531 1078 2593 Boethi

92 2622 230 2695 nomini,
252 2624 339 2703 quod
359 2624 426 2686 iure
446 2625 597 2688 mirabilis
612 2627 770 2688 videretur
789 2626 937 2707 synizesis
958 2639 988 2687 et
1005 2645 1078 2687 cum

92 2719 218 2779 Alcone
240 2738 305 2780 non
324 2734 395 2800 apte
410 2723 561 2801 componi
574 2722 664 2783 illum
679 2722 888 2797 arbitraretur,
911 2723 1078 2783 Rhoecum

92 2813 257 2874 substituit
286 2814 508 2877 Lachmannus
539 2817 578 2877 ad
609 2817 701 2879 Lucr.
729 2836 756 2891 2,
792 2818 874 2879 1061.
926 2818 980 2879 sed
1011 2818 1078 2878 iure

93 2909 309 2971 Buechelerus
344 2927 438 2991 negat
468 2911 606 2990 intellegi
643 2913 698 2992 qui
729 2932 848 2976 nomen
882 2912 1078 2974 celeberrimi

92 3004 259 3067 caelatoris
289 3005 395 3066 venire
426 3006 458 3066 in
489 3005 614 3068 codices
644 3008 783 3087 potuerit
813 3008 871 3070 nisi
903 3007 1035 3068 inlatum
1061 3027 1078 3067 a

93 3115 204 3180 poeta;
227 3115 260 3160 ut
280 3099 312 3161 in
335 3101 555 3163 contrahendis
576 3104 737 3182 vocabulis
758 3124 823 3165 non
846 3102 950 3165 minus
970 3101 1078 3180 singu-

92 3197 160 3256 lare
192 3195 463 3275 hoc'exemplum
494 3197 653 3259 admiserit
684 3218 780 3278 quam
810 3195 1078 3282 inqdistrahendis

94 3290 176 3351 illud
189 3289 388 3370 trisyllabum
408 3289 441 3351 in
456 3291 567 3370 quinto
581 3311 689 3352 versus
704 3292 784 3372 pede
801 3291 945 3372 Orpheus
958 3293 996 3370 (v.
1016 3310 1077 3369 117.

94 3385 164 3463 269)
198 3383 262 3445 sive
297 3384 390 3447 licere
423 3385 509 3447 idem
542 3385 601 3446 sibi
634 3387 789 3466 putaverit
822 3387 909 3467 quod
925 3417 927 3422 ·
942 3386 1078 3448 Varroni

93 3478 231 3541 Atacino
262 3479 295 3540 in
323 3480 529 3542 Phaethontis
558 3480 715 3542 vocabulo
747 3479 910 3556 (deiectam
929 3481 1077 3560 fulmine,

94 3573 270 3648 Phaethon,
292 3574 330 3637 cf.
348 3573 456 3650 Quint.
472 3597 495 3654 ι,
518 3578 543 3652 5,
569 3576 616 3651 18;
638 3573 861 3636 Phaethontem
881 3576 1077 3658 trisyllabum

95 3669 246 3732 Manilius
277 3691 300 3748 r,
331 3671 401 3748 736;
433 3670 470 3731 cf.
498 3669 720 3732 Lachmannus
749 3671 789 3730 ad
820 3670 911 3731 Lucr.
943 3690 971 3746 2,
1001 3672 1077 3750 693).
