2600 4242
491 328 535 374 AD
550 328 577 376 V.
597 341 674 374 oo-ar
1036 331 1068 392 31

82 526 118 574 et
140 530 244 574 errore
265 509 416 572 tralaticio
438 509 471 570 in
491 510 635 591 sequenti
648 529 740 572 versu
761 511 871 572 locum
891 528 958 572 non
977 529 1072 572 suum

81 621 264 686 occuparet.
315 603 354 667 de
385 604 539 685 participii
569 625 628 666 usu
662 604 700 667 cf.
731 604 859 666 Colum.
892 625 934 680 ιο,
966 606 1006 666 26
1035 625 1073 666 no

79 701 202 783 gravis
230 698 393 762 hotnonn
422 698 613 764 tendentibus
642 698 700 762 ilio
729 696 836 770 vellat,
869 697 944 761 Stat.
969 699 1071 761 Theb.

91 816 117 873 1,
142 814 197 874 170
215 803 366 858 oenmms
384 804 521 857 ornatur.
567 793 708 858 recurrit
735 793 821 870 dixit,
843 812 909 854 non
932 813 1073 870 recurro,

87 906 125 952 ut
145 889 178 951 id
199 890 301 952 iacere
320 889 510 970 significaret
529 890 722 970 quicumque
748 889 888 950 dicturus
912 903 1001 965 esset,
1025 887 1074 950 in·
1201 919 1203 924 ·

86 986 193 1047 vicem
213 985 363 1046 Horatius
384 986 432 1063 (Α.
454 983 488 1045 Ρ.
509 985 577 1062 235)
597 1003 658 1046 non
678 1003 736 1066 ego
763 983 910 1046 inorata
930 991 962 1046 et
978 981 1073 1045 domi-
1175 1059 1177 1062 Ι

85 1079 201 1142 nonn'o
229 1079 357 1142 nomano
385 1078 486 1142 solnm
511 1113 550 1126 -
577 1088 758 1160 sanrornm
787 1077 922 1158 scrr'ptor
950 1076 1073 1152 amabo,

88 1194 158 1237 non
178 1183 302 1255 sanros
320 1173 495 1254 scrromrus
515 1173 643 1236 amobit.

170 1271 319 1332 Poteram
337 1271 376 1331 ab
391 1270 487 1330 altera
502 1283 587 1348 parte
602 1267 738 1349 incipere
752 1284 783 1330 et
797 1269 972 1347 ostendere,
993 1288 1074 1349 quae

84 1380 240 1426 secuntur
260 1365 355 1426 verba
374 1363 418 1427 sit
435 1383 514 1426 curo
534 1363 661 1426 tenrno's
679 1362 785 1426 aereos
801 1383 964 1424 nemorum
978 1363 1076 1426 rudus
1087 1375 1114 1420 n

86 1461 178 1538 (narn
199 1459 354 1540 participii
373 1458 563 1535 terminatio,
585 1457 624 1520 de
645 1477 708 1538 qua
729 1477 769 1520 ne
790 1458 989 1520 consentiunt
1006 1459 1075 1539 qui-

87 1553 166 1616 dem
186 1553 258 1615 libri
278 1554 473 1632 vetustiores,
494 1552 655 1615 neminem
676 1551 859 1631 morabitur)
886 1573 945 1614 nec
971 1552 1077 1615 divelli

87 1668 184 1729 posse
199 1668 258 1710 nec
271 1649 403 1710 meliora
417 1647 484 1711 fieri
499 1648 696 1729 corrigendo.
731 1647 768 1710 cf.
783 1666 894 1728 paneg.
911 1647 1004 1708 Mess.
1024 1666 1075 1726 197

87 1743 196 1806 nostri
215 1743 248 1805 si
261 1743 401 1824 parvolo
424 1762 504 1805 curo
527 1743 571 1806 sit
592 1743 655 1806 tibi.
697 1741 759 1804 iam
785 1756 913 1822 apparet
936 1741 1077 1823 quaesit

86 1838 263 1900 sententiae
285 1838 386 1900 forma
399 1853 430 1900 et
444 1837 533 1900 ratio.
568 1837 782 1900 anacoluthon
799 1836 846 1914 (cf.
863 1837 1075 1898 Buechelerus

89 1953 123 2014 p.
140 1934 206 2011 325)
226 1932 277 1994 vel
297 1953 336 1995 eo
357 1948 524 1996 excusatur
541 1933 629 2013 quod
649 1908 710 1994 tasse
730 1930 856 1994 initium
876 1940 908 1993 et
924 1941 958 1994 tn
976 1951 1075 2013 paene

90 2027 305 2089 necessarium
326 2043 391 2090 erat
410 2029 443 2090 in
465 2027 678 2100 invocatione;
710 2041 740 2088 et
765 2025 978 2103 consimiliter,
1004 2025 1077 2088 licet

88 2122 290 2184 artificiosius
316 2137 496 2185 constructo
521 2122 653 2185 circuitu
684 2124 756 2203 (qua
782 2121 876 2183 dere
901 2121 1077 2183 luculenter

90 2217 240 2278 disseruit
264 2217 425 2280 Vahlenus
456 2217 489 2278 in
514 2217 578 2278 ind.
604 2219 672 2280 lect.
702 2217 774 2279 1888
799 2234 828 2297 p.
850 2218 888 2295 6),
918 2216 1076 2298 Vergilius

90 2327 238 2374 octavam
254 2313 396 2392 eclogam
413 2312 585 2378 incohavit:
606 2323 638 2376 tn
650 2313 738 2386 milri,
755 2333 810 2375 sen
823 2313 937 2393 magni
945 2321 1078 2392 superas

88 2406 160 2470 iarn
179 2425 263 2468 saxa
287 2406 414 2470 Timavi
436 2443 476 2456 --
499 2428 536 2470 en
561 2409 625 2472 erit
645 2427 796 2490 umquam
820 2407 872 2470 ille
896 2406 971 2481 dies,
998 2406 1080 2470 milri

89 2522 165 2566 cnm
198 2501 292 2564 liceot
321 2512 375 2565 tna
408 2503 511 2566 docere
535 2503 643 2583 facto·
689 2523 762 2565 nam
796 2502 914 2564 Culicis
947 2521 1076 2582 quoque

90 2612 190 2679 poeta
217 2598 258 2659 ad
287 2605 317 2659 et
340 2607 372 2659 nt
403 2598 503 2678 magis
529 2598 691 2660 subaudiri
715 2598 817 2660 voluit
841 2597 927 2659 velut
957 2596 1080 2658 canenti

90 2692 172 2755 ades
192 2711 289 2772 quam
309 2693 397 2773 quod
417 2693 578 2755 interiecta
598 2694 727 2773 agrestis
748 2693 902 2755 felicitatis
917 2691 1077 2753 mentione

91 2787 186 2869 quasi
206 2786 379 2867 improviso
407 2808 440 2849 se
466 2787 610 2868 praebuit
634 2788 677 2851 sit
697 2808 777 2851 cura
801 2788 928 2851 tenentis
947 2807 1078 2849 nemora

92 2881 268 2963 silvasque;
293 2882 381 2963 quod
400 2882 512 2944 sentiet
537 2883 592 2962 qui
612 2883 798 2946 substituere
819 2883 984 2964 temptabit
1005 2902 1079 2945 cum

91 2977 220 3038 Bembo
241 2987 272 3039 et
289 2976 351 3040 tibi.
393 2977 635 3040 constructionis
655 2994 761 3040 autem
781 2979 846 3040 sive
864 2978 994 3040 audacia
1014 2978 1078 3039 sive

93 3070 296 3152 neglegentia
316 3091 420 3153 neque
442 3073 600 3139 Graecum
626 3094 753 3136 sensum
779 3073 909 3136 offendit
934 3094 992 3135 nec
1013 3073 1079 3134 Ro-

94 3185 238 3228 manum.
269 3167 312 3228 sic
328 3168 457 3229 Plautus
471 3167 595 3245 (Pseud.
607 3169 674 3248 855)
686 3189 767 3232 nunc
780 3167 858 3230 adeo
871 3178 912 3241 tn,
927 3169 983 3249 qni
993 3187 1080 3230 mens

92 3281 139 3334 es,
164 3261 231 3323 ιἰινι
257 3260 341 3324 odolo
365 3261 423 3325 tibi
446 3277 476 3323 et
501 3262 667 3343 Euripides
692 3263 823 3342 (Troad.
844 3266 917 3342 417)
951 3267 1003 3327 καὶ
1028 3265 1078 3327 ool

92 3358 170 3440 μὲν,
200 3351 239 3422 oti
263 3357 324 3439 γὰρ
351 3356 462 3442 ἀρτίας
485 3357 564 3439 ἔχνις
587 3362 717 3441 φρένας,
744 3357 862 3444 ’Aproi⁴
888 3357 998 3442 ὀνείδη
1026 3360 1078 3420 καὶ

97 3455 238 3536 Φρυγῶν
251 3451 440 3528 ἐπαινέσεις
457 3454 587 3535 ἀνέμοις
610 3457 768 3536 φέρεσθαι
791 3452 1013 3538 παραδίδωμι.
1036 3491 1081 3502 -—

92 3566 260 3608 nemorum
285 3546 384 3610 cultus
409 3564 520 3628 poetae
545 3567 603 3608 nec
628 3547 746 3608 librarii
773 3564 994 3611 concesserunt
1020 3567 1079 3610 nec
1093 3563 1118 3607 n

94 3641 248 3718 editores;
279 3656 373 3721 atque
398 3643 540 3703 ‘nemora
565 3660 741 3722 numquam
768 3644 859 3721 culta,
887 3663 1012 3724 semper
1031 3645 1081 3707 in·
