2600 4242
233 345 270 405 38
590 344 850 392 couneurrrtrvs

231 524 305 585 rivis
319 523 486 588 imminent
500 539 671 607 potaturae,
685 541 848 606 tamquam
862 528 1109 608 pulcritudinem
1123 551 1219 592 suam

231 618 264 680 in
285 639 440 700 aquarum
459 622 590 700 speculo
611 620 809 682 admirantes.
859 623 944 703 apud
964 638 1072 703 poetas
1100 644 1119 686 a
1145 626 1219 706 qui-

233 716 291 775 bus
312 735 380 779 rem
401 735 467 777 non
486 715 622 777 alienam
642 715 737 778 fuisse
758 717 905 796 conicias,
926 719 1010 797 apud
1031 737 1139 780 rerum
1161 739 1220 800 pa-

232 809 399 871 storalium
434 825 464 872 et
501 810 678 891 imaginum
712 827 905 874 enarratores
939 813 1102 893 quaerenti
1136 814 1219 875 nihil

232 905 361 967 obviam
387 905 505 967 factum
531 921 585 983 est,
615 905 671 967 sed
696 906 729 967 in
756 906 828 968 talia
853 907 972 969 incidas
992 907 1095 988 potius
1117 929 1220 990 quam

233 1000 414 1079 quaerendo
434 1000 605 1081 pervenias.
639 1021 741 1064 unum
755 1000 903 1064 indicavit
913 1003 1048 1081 Ellisius‚
1071 1004 1127 1084 qui
1147 1005 1220 1066 aliis

232 1094 346 1156 rectius
361 1096 400 1157 de
416 1095 477 1158 hoc
488 1115 579 1157 versu
590 1095 784 1158 iudicavit'in
795 1097 919 1176 ephem.
931 1099 1040 1179 philol.
1051 1099 1220 1161 America—

232 1207 349 1249 norum
361 1189 387 1264 3,
402 1191 468 1265 273,
483 1188 650 1270 Sophoclis
664 1189 722 1270 frg.
736 1191 791 1270 593
807 1190 846 1253 de
862 1212 943 1273 equa
957 1193 1081 1255 vidente
1098 1192 1133 1253 in
1147 1193 1218 1254 rivo

232 1297 262 1346 et
276 1300 434 1346 maerente
449 1304 559 1347 comae
573 1284 735 1346 iacturam.
762 1287 898 1367 capellae
912 1288 1016 1370 igitur,
1031 1303 1065 1351 ut
1076 1288 1219 1350 Senecae

231 1378 334 1440 verbis
355 1395 433 1458 utar,
458 1381 529 1442 fons
549 1381 729 1461 perlucidus
758 1381 928 1462 imaginem
946 1382 1059 1457 reddit,
1079 1384 1220 1445 blandus

230 1472 280 1535 sui
300 1493 390 1537 amor
411 1475 537 1539 dulcem
558 1491 719 1556 aspectum
740 1477 860 1539 formae
874 1476 948 1538 facit
966 1479 1038 1556 (nat.
1053 1495 1174 1559 quaest.
1195 1502 1218 1556 1,

237 1587 279 1648 17,
300 1569 342 1648 6);
369 1569 413 1632 sic
434 1571 532 1652 Hylas
553 1571 697 1651 Properti
714 1572 870 1650 formosis
893 1572 1072 1660 inmmbens
1096 1573 1220 1637 nesczns

231 1663 324 1728 undis
351 1685 496 1728 errorem
526 1664 650 1728 blandis
676 1665 787 1728 tardat
807 1667 1000 1748 imaginibus
1029 1672 1218 1748 (1‚2o,42)‚

233 1761 396 1824 Narcissus
421 1760 516 1825 Ovidi
541 1759 616 1822 dnm
641 1758 727 1833 bibit,
758 1761 845 1823 virae
873 1762 1045 1843 corripitur
1074 1763 1219 1844 imagine

223 1858 356 1936 formae
376 1860 460 1937 (met.
476 1859 503 1936 3,
521 1857 605 1937 416);
626 1870 732 1936 pastor
752 1856 985 1937 Calpurnianus
1006 1859 1044 1936 (2,
1065 1859 1128 1936 88):
1141 1859 1218 1938 fon-

232 1951 313 2014 tibus
340 1953 372 2014 in
398 1953 526 2034 liqnidis
551 1950 690 2034 quotiens
713 1971 763 2012 me
791 1953 948 2032 cnnpicor
977 1953 1041 2034 ipse
1069 1953 1220 2016 admiror

232 2045 348 2118 tottam,
367 2048 564 2129 Vergilianus
577 2047 645 2124 (ecl.
660 2065 687 2123 2,
702 2048 766 2122 25):
785 2066 846 2109 non
865 2067 936 2109 sum
955 2047 1034 2110 adeo
1053 2049 1218 2127 informis:

232 2151 332 2220 nuper
355 2143 461 2203 mein
486 2139 675 2213 litoreoidi‚
705 2160 776 2204 cnm
798 2141 961 2222 placidum
989 2143 1088 2206 ventis
1117 2153 1223 2207 staret

231 2255 331 2296 mare.
372 2237 488 2317 quibus
509 2235 657 2298 omnibus
677 2237 725 2312 (ut
740 2236 856 2299 Ovidio
878 2253 950 2300 met.
972 2240 1014 2317 13,
1035 2240 1104 2318 839)
1126 2258 1219 2319 prae-

232 2329 342 2392 lusisse
366 2331 575 2395 Theocritum
600 2345 713 2393 notum
738 2348 784 2394 est
809 2334 846 2412 (6,
873 2334 933 2412 bil:
954 2323 973 2419 ἦ
996 2333 1057 2419 γὰρ
1081 2335 1219 2420 πρᾶνές

233 2427 358 2492 πόντον
384 2428 569 2510 latalaum,
597 2417 633 2512 ἧς
661 2426 698 2490 δὲ
726 2427 866 2506 rabban,
899 2431 953 2493 καὶ
980 2430 1064 2494 καλὰ
1089 2431 1150 2512 μὲν
1178 2429 1220 2493 τὰ

232 2525 339 2602 γένεια
359 2523 516 2604 (hirquina
536 2521 653 2584 scilicet
674 2524 779 2600 barba,
801 2523 838 2584 cf.
854 2523 913 2600 3,ss
937 2526 1028 2608 σιμὸς
1049 2527 1102 2587 καὶ
1127 2547 1218 2610 προ-

232 2621 354 2696 γένειος
376 2619 394 2679 i.
417 2639 442 2679 e.
466 2619 543 2681 facie
564 2617 725 2698 hirquina;
756 2618 849 2699 Verg.
871 2620 927 2682 ecl.
949 2620 977 2697 8,
999 2620 1055 2699 34),
1077 2619 1164 2683 καλὰ
1180 2620 1220 2684 δέ

231 2737 291 2795 μευ
313 2712 336 2775 ἁ
360 2717 419 2794 μία
446 2713 543 2798 adpo.
583 2728 747 2793 sumptum
769 2713 830 2776 hoc
855 2735 893 2776 ex
913 2713 980 2796 ipsa
1000 2728 1164 2796 pastorum
1187 2731 1217 2776 et

233 2805 425 2886 piscatorum
445 2806 517 2885 vita,
539 2823 573 2868 ut
593 2827 631 2870 ex
652 2807 812 2888 pecudum
833 2810 912 2871 illud
934 2809 1022 2890 quod
1035 2824 1215 2871 tractamus.

232 2899 308 2962 item
329 2902 541 2964 Buechelerus
562 2921 591 2982 p.
615 2903 680 2964 326.

311 2996 376 3057 lam
406 2997 495 3077 quasi
520 2997 652 3059 trahitur
676 3013 770 3078 poeta
797 2997 836 3058 ad
861 2997 1103 3077 praedicandam
1133 2999 1217 3060 vitae

231 3093 360 3172 agrestis
380 3091 616 3154 beatitudinem.
657 3092 746 3154 cuius
760 3093 822 3154 loci
840 3094 962 3155 colores
976 3108 1105 3173 poetam
1119 3112 1219 3172 quae-

231 3185 337 3249 sivisse
364 3207 400 3248 ex
426 3187 650 3268 georgicorum
674 3188 815 3250 secundo
841 3188 1025 3266 (458—474)
1054 3187 1218 3248 neminem

231 3281 321 3363 fugit,
343 3301 538 3364 quamquam
563 3282 657 3345 etiam
678 3282 804 3345 Lucreti
826 3283 863 3360 (2,
885 3283 1020 3361 23-36)
1048 3301 1123 3344 eum
1149 3301 1219 3344 me-

153 3391 181 3436 58
189 3405 222 3448 sq.
232 3395 355 3439 morem
382 3377 476 3439 luisse
503 3378 706 3460 perspicuum
732 3393 785 3439 est.
836 3394 929 3458 atque
957 3379 1063 3458 ipsum
1090 3377 1217 3439 initium

231 3470 272 3531 ad
285 3471 406 3551 Vergili
426 3474 608 3554 exemplum
623 3471 833 3536 conformavit
846 3471 890 3534 sic
905 3471 1095 3553 incipientis:
1120 3472 1217 3552 osor-

231 3572 353 3625 tnnatos
377 3566 522 3640 nimium,
551 3587 611 3630 nea
636 3568 668 3630 si
696 3567 777 3630 bona
804 3566 919 3640 norint,
949 3566 1118 3647 agri'colas,
1150 3586 1216 3628 non

231 3659 436 3722 exclamative
456 3677 578 3724 tantum
600 3663 751 3724 orationis
771 3661 875 3742 specie
895 3677 1024 3740 servata,
1045 3662 1099 3724 sed
1120 3661 1216 3722 inter—
