2578 4242
503 350 548 395 AD
562 349 589 396 V.
602 351 708 410 318-326
1058 373 1096 432 99

114 551 214 611 quam
245 531 434 593 necessitatis
464 531 580 594 habere
611 551 691 613 quae
721 534 772 594 vel
801 548 920 595 veteres
950 533 1017 595 Itali
1046 533 1096 596 vel

113 627 234 689 novelli
255 626 483 707 temptaverint,
503 627 597 688 talem
618 628 681 690 loci
701 627 838 708 speciem
853 631 989 711 exempli
1004 651 1096 696 causa

112 737 293 800 proponam
325 722 452 802 qualem
482 721 629 784 codicum
660 723 813 786 memoria
846 723 983 787 indicare
1018 726 1097 788 mihi

115 813 267 876 videatur.
321 815 461 896 primum
494 817 579 878 enirn
601 817 789 898 fluminibus
822 837 878 880 cur
911 818 1096 882 fulminibus

112 909 336 971 flaminibusve
363 925 502 974 mutetur
531 911 565 972 in
594 931 628 973 re
658 911 775 974 incerta
804 913 890 974 nulla
915 933 1007 976 causa
1038 930 1097 992 est;

112 1023 223 1066 annon
248 1004 287 1065 ad
307 1005 439 1067 flumina
459 1024 588 1087 quoque
602 1006 757 1088 pertinere
771 1022 874 1088 potest
886 1007 1097 1089 pugnantium

113 1118 190 1161 cunt
205 1099 341 1161 clamore
356 1099 498 1162 virorum
512 1100 722 1182 comparatio?
752 1101 820 1182 lege
842 1102 929 1182 quod
951 1103 990 1164 ad
1010 1103 1097 1165 illam

113 1194 264 1256 carminis
284 1210 406 1276 partem
427 1196 684 1276 componendam
701 1193 819 1258 Culicis
839 1212 966 1276 poetam
985 1197 1096 1279 legisse

111 1291 279 1370 probabile
297 1306 351 1366 est,
373 1291 403 1352 N
422 1291 475 1352 136
500 1281 576 1377 ἦρχε
604 1291 691 1376 δ’ἄρ*
715 1293 833 1377 Ἕκτωρ
859 1293 1007 1379 ἄντικρυς
1036 1317 1095 1375 με-

111 1385 215 1469 μαώς,
241 1385 447 1473 ὀλοοίτροχος
469 1390 512 1461 ὥς
537 1380 607 1450 ἀπὸ
635 1391 763 1472 πέτρης,
790 1387 829 1450 ὃν
855 1409 889 1450 ue
913 1388 996 1452 κατὰ
1022 1407 1096 1452 ora-

112 1481 219 1566 φάνης
241 1481 390 1564 ποταμός
411 1481 600 1566 χειμάρροος
622 1483 697 1569 ὤσῃ,
721 1479 820 1566 ῥήξας
833 1479 964 1564 ἀσπέτῳ
987 1486 1096 1570 ὄμβρῳ

112 1574 267 1650 ἀναιδέος
283 1577 407 1658 ἔχματα
423 1581 541 1664 πέτρης
565 1597 591 1638 e.
606 1595 636 1657 q.
651 1597 684 1653 s,
715 1595 811 1656 quam
841 1575 1013 1656 imaginem
1043 1597 1096 1638 ex-

112 1669 225 1750 pressit
238 1669 429 1733 Theocritus
443 1691 490 1750 22,
510 1691 563 1751 493
584 1689 688 1751 neque
706 1670 791 1732 enim
805 1689 885 1749 opus
900 1685 945 1732 est
959 1671 1095 1733 aliorum

111 1780 281 1845 poetarum
311 1766 399 1850 locos
430 1785 614 1846 congerere,
644 1765 730 1828 velut
761 1764 888 1826 Lucreti
913 1785 936 1844 1,
963 1765 1094 1846 281sq,

111 1860 140 1936 6,
166 1860 219 1938 143
240 1861 290 1921 vel
309 1860 386 1922 Stati
405 1859 470 1922 silv.
490 1881 514 1937 r,
536 1861 562 1938 3,
583 1879 623 1922 2ο
637 1880 692 1940 sq,
713 1860 792 1921 Ach.
807 1879 835 1936 2,
855 1860 919 1939 390.
934 1860 988 1937 431
1014 1860 1093 1940 (104

116 1955 195 2032 145),
227 1953 331 2016 Theb.
354 1955 383 2033 3,
415 1956 467 2034 671
496 1974 556 2035 sq.;
592 1955 642 2016 cui
679 1954 808 2036 imagini
843 1969 915 2035 apte
949 1955 1095 2018 convenit

110 2048 212 2111 uerbo.
257 2066 417 2130 praeterea
440 2050 466 2112 si
490 2065 634 2112 tenemus
659 2049 830 2112 Hectorem
858 2049 1014 2110 nominari
1041 2050 1096 2112 de-

110 2143 217 2206 buisse
243 2147 327 2223 (nam
352 2145 515 2208 intercedit
540 2145 621 2208 inter
642 2147 697 2225 3¹7
722 2160 753 2206 et
774 2145 830 2206 320
854 2162 929 2206 acer
948 2147 1095 2226 uterque),

110 2239 152 2300 ad
173 2241 268 2302 talem
289 2241 354 2304 fere
375 2241 579 2325 perducimur
599 2239 662 2302 loci
681 2240 833 2319 speciem:
863 2258 938 2300 acer
957 2248 1094 2321 uterque,

100 2334 294 2417 fluminibus
312 2335 543 2417 uelutifragor
568 2344 615 2396 est
637 2355 659 2396 ο
684 2332 807 2396 turbine
825 2333 940 2396 messae
960 2333 1013 2408 [de
1030 2352 1094 2396 sco-

104 2429 184 2512 pulo
203 2429 310 2504 rualem
320 2430 478 2512 flammas
502 2429 663 2493 zuculabut
688 2438 725 2491 ut
751 2428 828 2504 illa't]
850 2427 1035 2508 tegminibus
1054 2439 1093 2490 te·

110 2524 210 2607 litque
238 2528 387 2606 superlne
420 2524 596 2588 arcentibus
624 2524 757 2600 Hector]
792 2523 929 2602 eriperet
960 2522 1094 2598 reditus;

110 2617 194 2682 ulter
216 2616 366 2681 Vulcania
375 2617 475 2696 ferro
486 2618 620 2681 uulnera
629 2628 784 2699 protectas
797 2613 949 2697 depellere
960 2617 1094 2682 nauibus

110 2713 214 2776 instat.

190 2809 326 2871 Versum
348 2807 403 2868 322
430 2807 608 2870 emendavit
625 2806 783 2888 Hauptius
806 2809 924 2888 (opusc.
946 2808 973 2885 3,
994 2809 1041 2887 73)
1063 2824 1145 2878 etan

109 2919 237 2982 tempus
258 2901 345 2964 verbi
359 2902 506 2976 (laeutnus
519 2909 602 2978 mat)
623 2904 662 2964 ab
684 2922 722 2964 eo
737 2902 824 2982 quod
838 2921 866 2962 v.
883 2903 937 2963 325
952 2902 1093 2983 sequitur

110 2997 267 3079 praesenti
278 2997 429 3077 fremunt
445 2997 582 3076 pendere
604 2996 757 3076 exposuit.
786 2987 942 3058 ⁴Aeacides
962 2997 1093 3060 hicnon

110 3108 214 3175 potest
239 3110 305 3154 non
330 3090 461 3152 Aiacem
485 3090 675 3172 significare,
706 3090 789 3153 alter
808 3090 960 3152 Aeacides
985 3111 1013 3152 v.
1036 3092 1091 3152 323

109 3186 279 3264 Achillem,
299 3206 327 3247 v.
342 3207 365 3248 s.
387 3186 427 3247 ad
447 3207 475 3248 v.
492 3188 558 3248 301.
599 3185 713 3247 deinde
734 3205 762 3246 v.
775 3185 833 3262 324
852 3184 894 3245 ita
914 3185 1092 3248 emendavit

110 3284 260 3359 Bembus,
281 3296 317 3344 ut
336 3300 394 3343 nec
415 3280 488 3344 addi
508 3281 608 3343 littera
628 3280 726 3362 possit
746 3298 805 3340 nec
819 3278 949 3342 detrahi.
988 3301 1018 3342 v.
1035 3281 1090 3342 325
1104 3300 1145 3348 aas

110 3377 186 3440 letat
208 3378 342 3438 verbum
363 3377 556 3439 Ouidianum
582 3391 628 3439 est
649 3375 698 3454 (cf.
719 3372 834 3436 Bittius
859 3373 898 3434 ad
926 3374 995 3437 hist.
1020 3376 1090 3437 hex.

108 3472 160 3534 lat.
181 3471 240 3551 41).
284 3491 312 3532 v.
333 3471 390 3532 326
411 3469 518 3550 firma
548 3471 626 3534 mihi
656 3470 757 3552 aptius
787 3469 890 3531 visum
920 3484 965 3530 est
996 3486 1146 3550 quamtus

109 3567 206 3630 ulma.
228 3601 265 3610 -
291 3564 377 3627 idem
400 3563 576 3643 artificium,
601 3585 667 3647 quo
693 3565 725 3626 in
751 3563 912 3626 narrandis
932 3565 1037 3628 Aiacis
1063 3583 1092 3630 et

108 3660 243 3724 Achillis
274 3659 343 3721 fatis
373 3658 484 3738 utitur,
513 3661 617 3723 statim
648 3659 732 3722 Vlixi
762 3658 904 3739 adhibet,
934 3679 1029 3741 quem
1058 3676 1094 3722 ut

903 3775 935 3845 7*
