2600 4242
224 377 264 438 44
582 354 842 402 COMMENTARIVS

225 538 344 600 accedit
357 539 397 599 ad
411 540 580 600 herbarum
596 538 799 599 odoratarum
813 536 959 596 virtutem
981 534 1074 597 etiam
1089 533 1211 595 florum

224 633 368 710 varietas3
399 633 435 694 cf.
461 652 521 711 404
548 631 707 711 uerbaque
733 631 814 693 turis
843 640 913 712 opes
938 630 1054 710 priscis
1084 629 1213 691 imitata

225 727 362 792 Sabinu.
405 728 465 790 alia
495 727 701 807 explicatione
732 726 843 787 eadem
872 728 968 787 verba
992 725 1212 787 Buechelerus

225 821 373 884 vindicat:
407 823 510 884 ‘flores
534 821 654 882 variant
677 835 760 897 tura,
791 819 823 880 id
849 836 895 881 est
919 836 1070 901 spargunt
1091 819 1212 882 odores

225 937 298 978 cum
323 916 440 978 similes
464 917 541 978 turis
566 931 634 977 tum
660 917 765 996 plures
786 916 879 977 etiam
901 916 1063 995 magisque
1084 913 1211 976 varios)

185 1028 262 1071 at—
292 1033 320 1072 v.
341 1012 379 1090 89
404 1022 491 1092 pura
518 1010 660 1090 uoluptas
690 1010 727 1072 cf.
759 1010 851 1071 Lucr.
872 1030 904 1088 4,
940 1013 1020 1088 1075.
1056 1010 1139 1072 1081.
1172 1043 1210 1054 —

185 1119 212 1163 no
225 1127 252 1165 v.
272 1126 310 1184 90
338 1104 530 1186 simplicibus
558 1105 644 1168 curis
674 1105 711 1166 cf.
732 1127 761 1166 ν.
784 1107 840 1184 379
870 1104 1082 1168 tourubilibus
1111 1105 1211 1166 curis.

225 1200 333 1261 Manil.
353 1219 382 1278 4,
405 1203 456 1261 511
485 1199 593 1263 mollia
614 1210 673 1279 per
686 1199 833 1281 placillus
855 1199 1007 1262 diluunt
1027 1199 1092 1262 otia
1112 1219 1212 1262 curas

185 1307 210 1350 22
225 1295 323 1358 Gratt.
346 1314 415 1376 cyn.
436 1299 492 1375 475
514 1304 617 1357 tenues
639 1314 743 1358 curus.
794 1295 826 1355 id
846 1294 941 1374 igitur
961 1311 1057 1371 curat,
1085 1312 1119 1356 ut
1140 1295 1211 1357 otio

225 1390 353 1467 fruatur,
378 1390 463 1450 victu
486 1389 604 1451 scilicet
628 1390 770 1469 quolibet
795 1405 969 1452 contentus.
1010 1390 1151 1471 quaesita
1181 1406 1212 1452 et

225 1504 333 1565 aspera
356 1487 527 1546 verborum
548 1485 754 1564 compositio:
784 1484 918 1566 quolibet
938 1495 973 1547 ut
996 1484 1104 1564 requie
1127 1485 1211 1547 ut'cttt

225 1588 379 1641 coutuntur
398 1578 535 1641 abundet
551 1579 569 1640 i.
585 1600 611 1641 e.
629 1578 764 1660 quolibet
779 1579 861 1641 uictu
874 1589 1029 1642 contentus
1048 1589 1084 1641 ut
1100 1579 1211 1660 requie

225 1673 367 1736 abundet
408 1694 550 1755 asperam
569 1674 651 1751 dico,
672 1693 746 1736 nam
767 1674 890 1736 nobiles
907 1689 1019 1754 poetae
1034 1693 1210 1755 quaecum·
1280 1669 1281 1678 ’

226 1790 288 1850 que
308 1769 422 1831 similia
442 1768 509 1830 ausi
530 1783 611 1846 sunt,
637 1769 731 1830 simul
750 1769 908 1830 scabrities
922 1771 1077 1831 sermonis
1092 1771 1210 1851 quibus

225 1865 329 1926 modis
350 1864 457 1926 evitari
478 1879 582 1943 posset
602 1864 821 1939 ostenderunt;
849 1879 894 1925 est
919 1881 1024 1926 autem
1045 1865 1125 1928 illud
1145 1881 1209 1926 tra-

226 1960 355 2022 iectonis
375 1979 475 2039 genus
496 1959 528 2020 id
549 1979 613 2039 quo
635 1977 754 2020 nomen
774 1959 814 2019 ad
835 1973 955 2039 partem
980 1960 1130 2022 orationis
1151 1961 1209 2021 ali-

226 2073 322 2134 quam
346 2054 427 2114 trahi
450 2054 655 2134 grammatica
679 2053 836 2133 positione
855 2053 999 2114 videatur
1024 2075 1118 2116 sensu
1140 2075 1208 2117 non

225 2149 369 2228 patiente.
415 2169 514 2228 pauca
540 2167 704 2229 excerpam
731 2168 768 2209 ex
794 2165 911 2227 magno
938 2169 1072 2212 numero
1100 2171 1209 2212 exem·

225 2244 361 2323 plorum,
382 2244 507 2304 Lucreti
527 2263 556 2322 4,
581 2261 653 2320 1172
675 2242 727 2304 cui
753 2241 879 2305 Veneris
901 2243 1052 2306 membru
1074 2265 1124 2306 tus
1144 2265 1208 2306 otn-

223 2338 314 2401 uibus
343 2339 509 2401 exoriatur
540 2341 581 2417 (5,
602 2341 668 2415 750.
699 2339 771 2416 954)
803 2338 921 2418 Vergili
950 2342 1030 2400 Aen.
1067 2359 1116 2416 ιο,
1148 2342 1207 2419 403
1282 2329 1283 2378 l

224 2433 326 2496 caedit
351 2433 545 2496 seruiuuiruis
573 2432 762 2496 Rutulorum
795 2432 930 2496 calcibus
961 2453 1058 2505 arua,
1095 2434 1209 2496 Horati

224 2529 316 2609 epod.
340 2532 371 2607 5,
398 2531 436 2608 69
470 2529 622 2592 indormit
651 2529 749 2591 unctis
781 2527 920 2590 omnium
949 2526 1099 2590 cubilibus
1130 2528 1208 2592 obli-

224 2625 311 2686 uione
325 2623 490 2703 paelicum,
516 2624 659 2703 Properti
681 2643 707 2701 2,
729 2623 775 2701 26,
796 2643 814 2701 7
844 2643 940 2703 quam
958 2622 1051 2685 timui
1067 2643 1106 2685 ue
1116 2625 1209 2703 forte

224 2729 310 2780 tuum
345 2739 436 2780 mare
465 2739 575 2780 uorum
603 2718 735 2781 liaberet
766 2717 814 2796 (cf.
845 2717 989 2780 Boldtius
1024 2719 1062 2780 de
1094 2720 1206 2781 colloc.

224 2815 308 2874 verb.
323 2815 385 2892 99);
406 2813 519 2874 eodem
534 2813 689 2893 pertinent
707 2815 878 2875 verborum
893 2813 1113 2876 collocationes
1128 2834 1207 2894 quas

225 2907 286 2968 iam
314 2908 515 2968 tractavimus
545 2929 572 2968 v.
596 2911 639 2974 57.
662 2909 709 2974 78.
736 2927 781 2986 79.
808 2910 862 2986 80,
893 2909 967 2970 alias
998 2909 1207 2985 offendemus,

225 3001 357 3064 similior
382 3001 426 3062 illi
451 3003 482 3062 in
503 3023 530 3064 v.
546 3021 583 3082 92
610 3003 696 3064 nulla
721 3003 897 3065 invenietur
927 3024 1022 3084 quam
1054 3024 1136 3084 quae
1167 3007 1207 3066 ab

171 3117 211 3161 uti
224 3099 338 3159 eodem
363 3113 456 3177 poeta
480 3097 615 3158 admissa
640 3114 685 3159 cst
710 3119 738 3159 v.
754 3101 809 3159 2ο5
835 3099 918 3160 etin
934 3107 1042 3178 sessos
1065 3099 1208 3180 requiem

223 3193 303 3255 dare
316 3201 481 3273 comparat
490 3202 588 3265 artus,
603 3193 727 3254 nullum
746 3193 895 3254 audacius
913 3194 1095 3273 exemplum
1110 3213 1207 3274 quarn

223 3288 312 3369 quod
338 3307 432 3350 ausus
459 3304 504 3349 est
529 3304 622 3368 poeta
648 3289 723 3349 item
751 3288 898 3367 ignobilis
926 3289 1035 3368 Copae
1062 3308 1132 3367 v.4
1164 3289 1211 3350 ad

223 3383 356 3446 cubitum
377 3403 490 3445 raucos
509 3384 665 3445 excutiens
685 3384 836 3458 cularuos,·
861 3383 940 3444 nihil
960 3383 1045 3444 enim
1069 3383 1208 3462 ineptius

224 3479 355 3559 cogitari
380 3494 481 3558 potest
502 3497 597 3558 quam
618 3479 740 3560 Syrisca
762 3479 801 3539 ad
828 3477 970 3538 cubitum
995 3479 1132 3540 calamos
1153 3498 1208 3540 ex-

225 3575 354 3652 cutiens,
385 3574 541 3654 siquidem
561 3589 737 3654 pugnantes
758 3591 886 3635 eucusso
907 3572 1042 3634 iaculum
1063 3583 1209 3652 torquere

224 3668 339 3730 lacerto
353 3669 455 3744 (Ovid.
471 3689 508 3728 ex
524 3669 614 3728 Pont.
630 3687 657 3743 2,
679 3689 706 3746 9,
730 3671 774 3745 57,
796 3667 916 3729 heroid.
930 3689 958 3746 4,
978 3669 1038 3744 43),
1060 3668 1206 3728 bracchia
