2578 4242
208 341 246 420 84
564 337 824 385 commnmmvs

154 537 194 584 tu
207 518 317 582 audax
335 534 474 582 tantum:
500 540 555 582 nec
579 520 684 584 timuit
701 517 925 602 Phlegethonta
935 520 1054 598 fierem
1074 517 1192 582 arden·

208 611 288 678 tibus
307 613 407 689 under,
428 635 503 677 nam
523 615 604 676 hanc
628 614 784 676 librorum
809 613 995 694 scripturam
1018 611 1194 676 vindicavit

207 709 322 772 Bittius
348 709 387 772 de
413 709 539 780 halieut.
560 711 605 771 5ο.
657 708 849 790 Phlegethon
876 707 1058 772 ardentibus
1086 707 1192 782 undis,

207 803 360 866 ablativus
384 803 450 866 vim
470 804 610 866 fluminis
636 820 666 866 et
689 803 829 868 nominis
849 803 999 880 declarat;
1014 804 1135 883 ficiens
1155 817 1193 864 ut

208 898 341 962 Ovidius
362 918 399 960 ex
420 899 524 960 Ponto
550 919 573 977 1,
597 919 620 977 1,
640 902 677 962 25
701 920 757 962 nec
781 919 832 961 me
854 897 1030 962 nominibus
1039 897 1194 977 firrtosus

154 1011 195 1058 tte
207 995 332 1074 consero
345 992 446 1056 tantis
487 1008 522 1055 ut
536 994 621 1068 hunc
635 1014 761 1058 versum
775 995 914 1058 Bembus
932 993 976 1054 sic
989 1011 1118 1064 versum
1133 993 1191 1070 275

207 1088 321 1152 iniuria
334 1088 497 1170 temptavit
510 1088 657 1169 Scaliger,
678 1089 734 1170 qui
752 1088 792 1150 ad
806 1090 883 1152 haec
896 1091 993 1151 verba
1012 1107 1068 1150 nec
1070 1086 1194 1166 faciles

207 1183 294 1247 Ditis
312 1184 379 1246 sine
398 1183 498 1246 ziidr'ce
515 1183 603 1246 sedes
615 1183 681 1264 ipse
695 1183 797 1246 attulit
809 1182 929 1264 Vergili
948 1201 1076 1246 versum
1089 1181 1120 1260 6,
1131 1183 1189 1262 431

207 1298 360 1342 necuere
383 1276 443 1340 itae
468 1279 535 1341 rire
558 1288 642 1342 sorte
665 1277 771 1351 darae,
795 1277 861 1340 stite
886 1276 986 1346 iudice
1006 1277 1105 1356 sedes,
1135 1278 1194 1342 sed

208 1371 327 1434 addidit
347 1374 484 1441 ‘mallem
502 1388 608 1436 tamen
621 1393 676 1436 nec
685 1371 804 1452 facilis
817 1372 948 1436 Dictaeo
965 1371 1065 1434 iudae
1084 1371 1193 1451 sedes’,

208 1485 305 1548 quam
328 1466 519 1530 levissimam
544 1468 651 1549 magni
675 1467 734 1530 viri
760 1466 973 1531 coniecturam
1002 1483 1194 1548 receperunt

207 1562 272 1626 lere
297 1579 419 1640 omnes,
444 1560 636 1634 Ribbeckius
660 1577 697 1626 ut
720 1561 887 1634 ascriberet
911 1561 1031 1650 Vergili
1062 1583 1192 1626 versum

207 1657 292 1720 unde
328 1655 480 1720 nimirum
513 1656 790 1740 interpolationem
830 1656 953 1723 venisse
991 1656 1193 1738 significaret

207 1753 307 1815 immo
329 1772 430 1815 unum
451 1754 510 1819 hoc
531 1751 738 1816 certissimum
760 1752 942 1832 exemplum
963 1744 1009 1816 est
1027 1772 1194 1833 expressae

207 1847 366 1925 Aeneidis,
397 1869 436 1911 eo
467 1848 581 1912 certius
611 1845 690 1912 illud
716 1866 781 1928 quo
807 1847 1032 1910 contortiorcm
1057 1846 1195 1910 imitatio
1275 1901 1276 1908 ,

208 1962 388 2006 sermonem
404 1943 512 2007 effecit.
552 1962 626 2005 nam
640 1942 692 2004 illa
705 1961 779 2004 sane
794 1942 961 2025 Heyniana
974 1942 1195 2023 interpretatio

208 2052 288 2099 stare
309 2057 375 2099 non
395 2051 511 2117 potest:
534 2037 582 2098 ‘ad
603 2057 681 2118 quas
701 2057 767 2100 non
785 2035 883 2105 facilis
896 2037 1007 2116 aditus,
1029 2058 1112 2119 quae
1127 2059 1195 2102 non

209 2131 379 2194 admittunt
398 2130 546 2211 aliquem,
566 2130 627 2193 nisi
640 2131 795 2194 iudicium
807 2131 959 2208 subierit’3
980 2151 1086 2213 neque
1106 2134 1196 2196 enim

209 2227 294 2290 ullus
315 2223 448 2288 mortuis
468 2225 570 2287 aditus
591 2243 636 2289 est
655 2227 722 2290 sine
743 2227 855 2300 iudice.
895 2224 996 2288 immo
1015 2229 1198 2310 negationis
1274 2281 1275 2310 ,

209 2320 255 2382 vis
285 2320 396 2382 eadem
427 2335 472 2392 est
497 2320 536 2386 de
561 2340 624 2402 qua
649 2321 689 2396 ad
708 2341 737 2382 v.
751 2321 789 2382 65
815 2319 960 2390 diximus
1001 2341 1056 2384 nec
1071 2323 1196 2401 faciles

209 2415 296 2479 Ditis
314 2416 380 2478 sine
400 2415 499 2479 tudae
523 2415 610 2478 seder
634 2416 720 2486 idem
745 2431 791 2477 est
816 2415 903 2496 quod
928 2419 969 2490 ‘et
993 2416 1073 2480 Ditis
1101 2418 1193 2488 sedes

210 2531 276 2574 non
301 2511 368 2574 sine
393 2511 497 2574 iudice
522 2510 649 2574 faciles':
679 2511 706 2572 si
729 2511 797 2577 sine
822 2510 925 2576 iudice
946 2526 1057 2585 essent,
1084 2511 1194 2584 faciles

211 2622 313 2669 essent
333 2606 381 2684 (cf.
402 2605 495 2668 Ovid.
517 2620 590 2668 met.
615 2625 638 2683 1,
659 2627 692 2686 91
717 2627 762 2687 sq.
786 2607 909 2685 Aeno,
931 2608 988 2685 534
1006 2607 1106 2670 trent
1122 2608 1193 2672 sere

158 2717 196 2762 aar
210 2697 273 2762 soli
293 2698 418 2779 domos).
458 2721 486 2762 v.
501 2701 553 2762 281
578 2700 698 2777 accidit,
719 2699 794 2763 item
815 2717 850 2764 ut
862 2722 891 2763 v.
906 2719 943 2780 27
964 2717 995 2764 et
1008 2703 1074 2782 319,
1096 2718 1131 2764 ut
1152 2723 1190 2773 ex
1273 2723 1274 2726 ¹

209 2793 314 2854 vicino
333 2793 440 2874 aliquo
452 2814 545 2858 versu
558 2796 653 2866 verba
674 2797 830 2877 quaedem
849 2794 914 2860 sive
933 2796 974 2860 ad
994 2796 1192 2862 sarciendam

209 2889 356 2950 lacunam
375 2887 440 2950 sive
458 2908 563 2960 errore
576 2890 739 2953 scribentis
753 2891 896 2956 arcessita
909 2890 970 2954 sint
983 2892 1016 2955 in
1031 2895 1192 2964 exarando

209 3002 276 3045 uno
300 2981 356 3043 illo
381 2981 464 3044 libro
495 2983 580 3047 unde
611 3003 722 3048 omnes
747 2986 890 3052 videlicet
916 2987 1034 3057 Culicis
1064 2988 1192 3056 codices
1272 3023 1273 3026 ¹

209 3093 432 3158 provenerunt.
472 3079 553 3148 inter
573 3099 720 3161 quercum
746 3095 775 3152 et
798 3079 897 3144 silvas
921 3083 1009 3164 quod
1033 3082 1193 3156 intercidit

210 3191 284 3234 sane
311 3170 351 3233 ad
371 3173 499 3236 arbores
518 3173 702 3254 pertinebat,
727 3193 800 3238 aves
821 3191 911 3256 putes
931 3183 1025 3260 (quae
1043 3176 1143 3242 silvas
1163 3190 1196 3244 et

168 3317 187 3354 ·,
210 3287 285 3329 aves
313 3286 456 3348 saxaque
484 3277 644 3344 nexerat
676 3268 807 3333 advexit
836 3269 993 3342 volumen
1025 3293 1134 3338 nemus
1163 3283 1196 3339 et

209 3359 292 3424 silva
312 3360 451 3426 residem
470 3362 581 3440 venem
606 3363 661 3426 sed
687 3365 742 3426 has
762 3365 844 3446 ipsas
867 3365 1006 3429 indicant
1025 3367 1125 3440 stivae
1142 3389 1191 3434 so

210 3474 309 3546 norae
323 3457 372 3534 (cf.
386 3467 537 3539 argutum
549 3479 666 3533 nimus,
686 3470 806 3541 arguta
820 3459 884 3523 ilex
898 3461 1025 3542 Vergili,
1039 3473 1192 3544 argrctum

205 3569 346 3630 gramen
360 3551 558 3616 Columellae
576 3574 620 3631 10,
634 3555 711 3634 284),
733 3573 810 3636 quas
830 3555 893 3616 iam
907 3576 1003 3619 nemo
1020 3557 1191 3624 consistere
1270 3591 1271 3638 j

210 3643 339 3722 patitur;
367 3664 443 3724 ergo
463 3645 549 3707 aliud
569 3647 674 3727 potius
695 3649 845 3710 arborum
868 3670 968 3730 genus
989 3651 1191 3716 nominatum
1270 3661 1271 3720 l
