2600 4242
252 337 268 378 2
662 315 768 360 cvtax

198 517 225 562 25
251 496 363 559 Octavi
382 496 569 576 venerande,
590 497 668 559 meis
690 498 835 560 adlabere
855 497 984 578 coeptis,

212 672 213 675 Ἴ
251 605 355 653 sancte
376 610 468 671 puer:
490 590 548 652 tibi
568 610 705 673 namque
727 591 810 654 canit
830 612 895 654 non
916 593 1030 674 pagina
1051 593 1173 655 bellurn

250 686 336 748 triste
358 686 438 748 lovis
458 685 612 767 ponitque

252 780 397 861 Phlegra,
418 779 574 860 Giganteo
594 798 699 860 sparsa
719 795 764 842 est
786 800 866 861 quae
886 780 1039 861 sanguine
1060 782 1162 856 tellus,

252 895 310 937 nec
331 875 525 937 Centaureos
546 873 694 956 Lapithas
715 874 876 955 compellit
896 875 929 937 in
950 895 1053 953 enses;

199 985 226 1036 ao
251 970 314 1035 urit
333 970 554 1033 Erichthonius
575 969 689 1032 Oriens
712 990 778 1032 non
798 970 925 1050 ignibus
945 991 1043 1033 arces:

251 1085 318 1128 non
337 1065 496 1146 perfossus
516 1066 618 1128 Athos
639 1086 697 1128 nec
719 1086 835 1147 magno
855 1065 980 1128 vincula
1000 1081 1099 1149 ponto

252 1160 330 1222 iacta
350 1179 423 1221 meo
445 1175 604 1240 quaerent,
625 1161 688 1222 iam
708 1180 785 1238 sera,
809 1161 971 1223 volumine
993 1161 1119 1240 famam,

252 1274 318 1316 non
338 1255 563 1337 Hellespontus
583 1256 716 1336 pedibus
737 1257 878 1339 pulsatus
898 1276 1064 1338 equorum,

252 1349 383 1412 Graecia
404 1370 478 1412 cum
498 1348 603 1413 timuit
622 1351 775 1413 venientis
796 1351 937 1432 undique
959 1352 1081 1414 Persas:

53 1491 55 1496 .
131 1405 148 1499 (
200 1465 226 1511 at
252 1445 362 1506 mollia
381 1444 437 1506 sed
455 1445 543 1506 tenui
562 1445 642 1525 pede
664 1466 788 1508 currere
809 1445 956 1525 carmina,
977 1466 1068 1508 versu

251 1540 369 1602 viribus
389 1555 461 1620 apta
480 1540 544 1601 suis
565 1540 698 1603 Phoebo
719 1541 799 1603 duce
819 1541 928 1602 ludere
949 1541 1074 1621 gaudet.
1146 1550 1149 1556 “

251 1636 313 1697 hoc
332 1635 399 1713 tibi,
419 1649 524 1697 sancte
544 1654 637 1716 puer:
658 1635 872 1697 memorabilis
894 1651 924 1696 et
943 1636 1001 1697 tibi
1021 1652 1117 1699 certet

251 1731 360 1812 gloria,
381 1745 571 1813 perpetuum
591 1731 700 1792 lucens
721 1750 869 1792 mansura
888 1750 945 1811 per
965 1750 1088 1802 aevum,

251 1841 282 1888 et
301 1825 358 1887 tibi
378 1823 452 1887 sede
472 1825 525 1906 pia
544 1841 669 1888 maneat
689 1827 788 1905 locus,
811 1841 842 1887 et
862 1826 924 1888 tibi¹
938 1846 1045 1910 sospes

198 1939 225 1982 40
252 1921 357 1982 debita
376 1919 475 1982 felicis
495 1936 690 1982 memoretur
709 1921 771 1982 vita
791 1941 848 2004 per
868 1940 977 1993 annos,

188 2019 191 2023 '
251 2030 339 2095 grata
359 2014 450 2076 bonis
470 2015 587 2076 lucens.
628 2015 683 2076 sed
704 2035 762 2077 nos
782 2015 821 2077 ad
842 2031 954 2096 coepta
974 2016 1121 2078 feramur.

311 2109 424 2189 lgneus
443 2109 595 2171 aetherias
616 2108 678 2170 iam
698 2110 755 2172 Sol
775 2113 956 2190 penetrabat
976 2111 1008 2171 in
1029 2130 1113 2172 arces

252 2203 449 2286 candidaque
470 2219 578 2266 aurato
600 2204 758 2284 quatiebat
778 2205 900 2268 lumina
920 2226 1023 2280 curru,

253 2298 393 2361 crinibus
413 2313 443 2360 et
463 2299 561 2360 roseis
580 2301 725 2361 tenebras
746 2304 870 2362 Aurora
891 2301 1026 2381 fugarat:

135 2409 149 2474 ¹:
201 2411 227 2456 45
253 2393 393 2475 propulit
413 2413 429 2456 e
450 2393 579 2455 stabulis
599 2394 639 2456 ad
659 2396 766 2476 patula
785 2396 866 2458 laeta
886 2396 1019 2477 capellas

254 2504 359 2569 pastor
379 2505 409 2554 et
429 2488 543 2550 excelsi
563 2489 680 2551 montis
701 2490 774 2570 iuga
794 2510 918 2552 summa
938 2490 1055 2571 petivit,

253 2583 355 2647 lurida
375 2604 438 2665 qua
457 2582 581 2664 patulos
600 2584 746 2649 velabant
765 2585 908 2665 gramina
920 2585 1031 2647 colles.

253 2680 317 2744 iam
336 2679 420 2741 silvis
441 2678 608 2760 dumisque
628 2699 735 2760 vagae,
756 2680 819 2741 iam
839 2681 971 2743 vallibus
992 2679 1113 2742 abdunt

255 2775 544 2857 corporalemque
565 2774 654 2836 omni
674 2774 790 2836 celeres
811 2795 827 2836 e
848 2790 935 2855 parte
956 2789 1103 2855 vagantes

203 2882 229 2926 to
253 2868 427 2931 tondebant
447 2882 556 2930 tenero
577 2869 740 2930 viridantia
760 2870 902 2952 gramina
922 2889 1047 2948 morsu;

254 2982 385 3044 scrupea
405 2964 541 3025 desertas
561 2964 731 3027 haerebant
754 2965 794 3026 ad
815 2985 890 3027 cava
910 2983 1013 3044 rupes,

255 3058 393 3139 pendula
413 3058 559 3138 proiectis
580 3075 751 3142 carpuntur
772 3074 802 3122 et
822 3062 932 3122 arbuta
952 3057 1046 3120 ramis

256 3155 415 3233 densaque
434 3153 576 3234 virgultis
596 3153 685 3216 avide
707 3154 849 3219 labrusca
869 3169 1032 3236 petuntur;

256 3250 333 3312 haec
353 3268 503 3329 suspensa
523 3249 603 3329 rapit
623 3264 768 3330 carpente
789 3249 953 3312 cacumina
972 3266 1082 3310 morsu

255 3450 461 3464 -ι-Ι-

308 3597 334 3637 27
353 3584 466 3643 ponitque
481 3584 543 3632 canit
556 3597 605 3630 non
619 3585 701 3643 pagina
715 3585 801 3630 bellum
860 3587 982 3644 3ourat13
1040 3597 1066 3644 3²
1081 3585 1140 3628 laeta
1154 3596 1212 3628 tneo

282 3653 402 3698 volumina
440 3665 466 3706 4²
480 3661 611 3712 penetrarat
624 3656 737 3714 (penetrat
752 3657 778 3708 Β)
