2600 4242
512 345 695 394 enarrarro
1061 367 1094 426 19

111 528 170 610 qui
190 529 271 590 hanc
292 542 413 608 partem
434 527 542 610 capitis
563 528 602 590 de
621 547 771 590 versuum
791 526 959 607 generibus
974 528 1095 609 primus

111 621 309 704 composuit;
339 622 395 684 sed
420 622 642 704 prolusionum
666 623 859 686 vocabulum
879 641 945 684 non
968 622 1096 685 titulum

113 718 213 782 libelli
237 717 418 799 corporisve
439 717 564 796 indicat,
594 715 649 778 sed
669 717 749 779 nihil
776 717 851 779 dicit
874 718 1096 798 grammaticus

111 812 175 874 nisi
189 811 375 893 Vergilium,
395 813 428 875 in
443 813 592 895 operibus
606 831 687 893 quae
708 815 747 875 ab
764 813 913 876 omnibus
927 827 1098 875 tractantur

113 927 182 970 uno
208 908 308 970 heroo
334 921 436 970 metro
457 924 561 984 usum,
589 905 651 968 illis
676 925 749 969 cum
774 908 972 989 praeluderet
1004 908 1098 970 etiam

112 1001 281 1083 priapeum
306 1021 485 1083 usurpasse;
516 1022 582 1084 quo
611 1003 710 1064 verbo
735 1003 851 1066 Statius
881 1002 980 1066 utitur
1007 1003 1040 1065 in
1065 1024 1098 1065 re

112 1097 228 1160 eadem
253 1097 272 1159 l.
293 1118 316 1158 s
342 1116 397 1159 nec
415 1097 582 1179 quisquam
604 1107 652 1162 est
672 1097 842 1162 zlltutrrion
860 1107 1027 1178 poetarum
1046 1098 1102 1179 qui

112 1212 178 1254 non
202 1191 328 1273 alequid
348 1191 493 1273 operibus
516 1193 583 1255 suis
605 1192 674 1256 stro
697 1192 878 1256 remissiore
896 1192 1097 1274 praeluserit.

113 1287 263 1351 Culicem
287 1303 394 1350 autem
414 1287 559 1349 libellum
584 1287 776 1368 singularem
800 1301 930 1350 testatur
950 1287 1100 1349 Martialis

120 1402 166 1462 14,
192 1383 252 1445 185.
906 1377 911 1391 '

197 1477 279 1539 Illud
304 1477 398 1558 igitur
424 1476 513 1557 quod
538 1475 631 1538 fuisse
652 1477 822 1540 voluerunt
845 1495 960 1557 corpus
984 1495 1101 1558 appen-

114 1572 197 1634 dicis
211 1571 419 1653 Vergilianae,
443 1570 511 1633 aliis
526 1572 687 1634 nonnullis
702 1571 894 1635 carminibus
913 1586 1042 1633 auctum
1062 1570 1102 1631 ad

117 1667 263 1730 medium
283 1685 397 1729 aevum
411 1681 621 1748 propagatum
640 1687 706 1729 esso
719 1666 777 1728 viri
797 1665 881 1728 docti
900 1665 959 1727 sibi
973 1685 1101 1746 persua-

113 1777 235 1824 serunt
286 1777 380 1841 atque
406 1762 551 1842 syntaxin
579 1761 707 1843 quidem
737 1762 848 1823 talium
872 1760 1101 1841 opusculorum

116 1856 214 1919 tradit
242 1855 336 1918 nobis
364 1855 539 1917 Bembinus
572 1856 685 1918 codex·
706 1871 736 1917 et
769 1854 907 1934 cognati3
944 1855 995 1916 cui
1027 1856 1102 1916 sub-

116 1951 273 2031 scriptum
293 1967 339 2013 est
352 1950 385 2011 in
398 1949 555 2012 Bembino
575 1959 688 2031 septem
708 1949 775 2012 irco
793 1947 952 2012 ievenalto
973 1948 1106 2030 Vergilii

107 2045 236 2128 finiunt
245 2061 276 2107 et
289 2045 474 2126 inscriptum
488 2044 661 2124 elegantius
675 2063 741 2106 non
751 2043 855 2105 verius
869 2043 902 2104 in
917 2044 1102 2107 Colbertino

110 2151 285 2224 poetarum
295 2139 519 2220 sapientissimi
536 2140 573 2202 P.
594 2139 727 2222 Vergilii
737 2138 886 2201 Maronis
906 2139 1107 2220 condiscipuli

123 2235 291 2302 Octaviani
318 2235 458 2316 Augusti
482 2233 593 2298 mundi
623 2233 823 2316 imperatores
855 2233 1009 2298 iuvenalr's
1037 2234 1107 2296 ludi

116 2328 242 2392 libellus
260 2329 374 2410 incipit.
425 2344 546 2410 septem
571 2330 623 2392 illa
643 2330 713 2392 ioca
733 2328 889 2392 iuvenalia
915 2331 992 2392 haec
1017 2346 1102 2392 sunt:

118 2425 233 2501 Culex,
260 2425 364 2503 Dirae,
389 2426 490 2504 Copa,
521 2425 576 2486 Est
597 2441 627 2486 et
646 2445 722 2502 non,
753 2425 801 2486 De
827 2423 1020 2486 institutione
1045 2423 1103 2484 viri

119 2520 207 2598 boni,
235 2521 282 2582 De
302 2519 390 2598 rosis,
421 2520 559 2601 denique
583 2521 744 2582 Moretum
772 2519 918 2600 ignotum
939 2519 1102 2581 Suetonio,

118 2634 203 2696 quae
237 2615 381 2678 collectio
417 2635 482 2695 quo
517 2629 661 2693 tempore
698 2614 776 2676 facta
811 2613 849 2675 sit
882 2614 948 2694 ipsa
982 2614 1104 2691 clamet,

123 2708 275 2771 nimirum
297 2731 335 2773 eo
357 2730 423 2792 quo
442 2709 501 2772 tria
526 2710 579 2771 illa
599 2709 738 2771 carmina
757 2709 941 2771 Ausoniana
961 2710 997 2787 (c.
1012 2709 1104 2771 XXX

118 2804 227 2866 XXXI
248 2805 330 2879 Sch,
351 2805 463 2882 V11,3.
484 2823 504 2884 4
522 2805 566 2880 P,
597 2805 637 2866 de
658 2805 777 2867 Roseto
804 2803 883 2884 [app.
900 2804 926 2865 ΙΙ
951 2803 1033 2885 Seu]
1065 2805 1103 2866 cf.

118 2899 290 2962 Schenkeli
315 2900 410 2980 praef.
438 2921 468 2981 p.
489 2899 634 2978 XXXVI)
666 2899 806 2980 Vergilio
836 2899 932 2960 tribui
962 2915 1104 2980 possent;

121 3013 200 3075 ergo
231 3014 299 3056 non
325 2995 449 3076 pridem
481 2995 560 3057 facta
590 3009 654 3057 erat
683 3014 757 3057 cum
787 2995 974 3056 scriberetur
1005 2994 1104 3056 codex

120 3088 304 3151 Bembinus.
356 3090 451 3152 aliam
477 3091 697 3153 collectionem
724 3088 935 3151 Bruxellensis
961 3091 1104 3170 praebet:

120 3185 226 3264 Cirin,
258 3185 402 3266 Priapea,
439 3185 641 3266 Catalepton,
677 3185 841 3267 priapeum
876 3183 1105 3259 Tibullianum,

120 3280 237 3361 eleg-ias
258 3280 291 3341 in
312 3280 541 3355 Maecenatem3
572 3281 666 3342 aliam
687 3281 908 3343 Monacenses:
936 3279 1105 3357 Moretum,

120 3373 262 3437 carmina
296 3375 361 3436 duo
392 3377 429 3436 A.
462 3375 497 3436 L.
529 3375 595 3455 392.
630 3375 684 3437 160
710 3375 747 3435 R.
779 3375 854 3453 (123.
891 3374 944 3453 164
973 3374 1106 3453 Baehr.),

121 3469 238 3550 elegias
262 3469 295 3531 in
315 3470 539 3544 Maecenatem,
565 3469 665 3547 Diras,
693 3469 858 3549 priapeum
878 3468 1106 3550 Tibullianum,

121 3566 263 3646 Copam;
300 3564 393 3625 aliam
428 3583 572 3645 excerpta
603 3563 755 3626 Parisina:
793 3563 937 3625 Culicem
970 3567 1106 3627 Aetnam

121 3659 226 3738 Cirin;
252 3663 389 3721 Aetnam
414 3678 487 3721 cum
512 3660 622 3723 Culice
644 3660 808 3741 coniungit
832 3660 1112 3742 Cantabrigiensis,

916 3775 953 3828 2*
